
@article{chen2001,
  author = {陈建军 and 车建文 and 陈勇},
  title = {具有频率和振型概率约束的工程结构动力优化设计},
  journal = {计算力学学报},
  year = {2001},
  volume = {18},
  number = {1},
  pages = {74$\sim$80},
  language = {zh}
}

@article{nadkarni1992,
  author = {Nadkarni, M A and Nair, C K K and Pandey, V N and others},
  title = {Characterzation of alpha-galactosidase from corynebacterium
murisepticum and mechanism of its induction},
  journal = {J Gen App Microbiol},
  year = {1992},
  volume = {38},
  pages = {223$\sim$234}
}

@article{hua1973,
  author = {华罗庚 and 王元},
  title = {论一致分布与近似分析：数论方法（I）},
  journal = {中国科学},
  year = {1973},
  number = {4},
  pages = {339$\sim$357},
  language = {zh}
}

@book{zhu1973,
  author = {竺可桢},
  title = {物候学},
  address = {北京},
  publisher = {科学出版社},
  year = {1973},% todo
  pages = {798$\sim$799},
  language = {zh}
}

@book{huo1981,
  author = {霍夫斯塔主编},
  title = {禽病学：下册},
  edition = {第7版},
  translator = {胡祥壁},
  address = {北京},
  publisher = {农业出版社},
  year = {1981},
  pages = {798$\sim$799},
  language = {zh}
}

@book{timoshenko1959,
  author = {Timoshenko, S P},
  title = {Theory of plate and shells},
  edition = {2nd ed},
  address = {New York},
  publisher = {McGraw-Hill},
  year = {1959},
  pages = {17$\sim$36}
}

@incollection{zhang1991,
  author = {张全福 and 王里青},
  title = {“百家争鸣”与理工科学报编辑工作},
  editor = {见：郑福寿主编},
  booktitle = {学报编辑论丛：第2集},
  address = {南京},
  publisher = {河海大学出版社},
  year = {1991},
  pages = {1$\sim$4},
  language = {zh}
}

@incollection{dupont1974,
  author = {Dupont, B},
  title = {Bone marrow transplantation in severe combined immunodeficiency
with an unrclated MLC compatible donor},
  editor = {White H J and Smith R},
  booktitle = {Proceedings of the Third Annual Meeting of the International
Society for Experimental Hematology},
  address = {Houston},
  publisher = {International Society for Experimental Hematology},
  year = {1974},
  pages = {44$\sim$46}
}

@phdthesis{ding2001,
  author = {丁光莹},
  title = {钢筋混凝土框架结构非线性反应分析的随机模拟分析},
  address = {上海},
  school = {同济大学},
  year = {2001},
  language = {zh}
}

@phdthesis{cairns1965,
  author = {Cairns, R B},
  title = {Infrared spectroscopic studies on solid oxygen},
  address = {Berkeley},
  school = {Univ of California},
  year = {1965}
}

@misc{patent,
  author = {姜锡洲},
  title = {一种温热外敷药制备方法},
  TypeofLit = {P},
  country = {中国专利},
  patentid = {881056073},
  date = {1989--07--26},
  language = {zh}
}

@misc{standard,
  author = {全国文献工作标准化技术委员会第六分委员会},
  title = {GB 6447---86 文摘编写规则},
  TypeofLit = {S},
  address = {北京},
  publisher = {中国标准出版社},
  year = {1986},
  language = {zh}
}

@misc{wang2005,
  author = {王文惠 and 孟兵 and others},
  title = {利用不变量进行基于内容的图像检索},
  TypeofLit = {EB},
  year = {2005},
  url = {http://www.image2003.com/paper/down/2005528115935222.pdf},
  language = {zh}
}
