

@article{nomencl,
	Author = {Boris Veytsman, Bernd Schandl, Lee Netherton, CV Radhakrishnan},
	url = "http://www-h.eng.cam.ac.uk/help/tpl/textprocessing/nomencl.pdf",
	Title = {nomencl},
	Year = {2005}
	}


@misc{bibtex,
	url = " http://www.bibtex.org/",
	Title = {http://www.bibtex.org/},
	}


