% This file was created with JabRef 2.11.1.
% Encoding: UTF8


@article {BHR12, 
	title = {An overview of Multipath TCP},
	author = {Olivier Bonaventure and Mark Handley and Costin Raiciu},
	journal = {USENIX login;},
	year = {2012},
	month = {October},
}

