@article{dubner1999assessing,
  title={Assessing transient and persistent pain in animals},
  author={Dubner, R and Ren, K},
  journal={Wall, PD \& Melzack, R. Textbook of Pain, 4th edition. Churchill Livingstone, Edinburgh},
  pages={359--369},
  year={1999}
}