%% This BibTeX bibliography file was created using BibDesk.
%% http://bibdesk.sourceforge.net/


%% Created for Mirco at 2013-03-03 15:51:55 +0100 


%% Saved with string encoding Unicode (UTF-8) 



@book{wagner2010,
	Address = {Heidelberg},
	Author = {Andreas Wagner},
	Date-Added = {2011-03-16 15:54:34 +0100},
	Date-Modified = {2011-03-16 15:56:55 +0100},
	Publisher = {Springer Verlag},
	Title = {Photovoltaik Engineering: Handbuch f{\"u}r Planung, Entwicklung und Anwendung},
	Year = {2010}}
  
@book{masters04,
	Author = {Gilbert M. Masters},
	Date-Added = {2011-03-10 14:54:10 +0100},
	Date-Modified = {2011-03-10 14:55:29 +0100},
	Publisher = {Wiley-Interscience Verlag},
	Title = {Renewable and Efficient Electric Power Systems},
	Year = {2004}}

@url{imiev_daten,
	Author = {{Mitsubishi Motors Deutschland}},
	Date-Added = {2011-03-15 10:15:41 +0100},
	Date-Modified = {2011-03-15 10:16:32 +0100},
	Title = {Technische Daten Mitsubishi i-MiEV},
	Url = {http://www.imiev.de/docs/iMiEV-daten.pdf},
	Urldate = {2011-03-15},
	Bdsk-Url-1 = {http://www.imiev.de/docs/iMiEV-daten.pdf}}

@techreport{auer06,
	Author = {Hans Auer and Claus Huber and Michael Stadler and Carlo Obersteiner and Mario Ragwitz and Marian Klobasa},
	Date-Added = {2011-03-11 10:46:17 +0100},
	Date-Modified = {2011-03-11 10:48:11 +0100},
	Institution = {{Bundesministerium f{\"u}r Verkehr, Innovation und Technologie}},
	Title = {Systemmodell zur Optimierung der Integration von Windenergieanlagen in {\"O}sterreich und Deutschland},
	Year = {2006}}

@url{prognose2011,
	Author = {{Wirtschaftskammer {\"O}sterreich}},
	Date-Added = {2011-03-02 08:00:32 +0100},
	Date-Modified = {2011-03-07 16:32:06 +0100},
	Title = {Wirtschaftslage und Prognose},
	Url = {http://www.wko.at/statistik/prognose/inflation.pdf},
	Urldate = {2011-03-02},
	Bdsk-Url-1 = {http://www.wko.at/statistik/prognose/inflation.pdf}}

@url{verbraucher2011,
	Author = {{Statistik Austria}},
	Date-Added = {2011-03-02 07:58:50 +0100},
	Date-Modified = {2011-03-07 16:31:10 +0100},
	Title = {Verbraucherpreisindizes im {\"U}berblick},
	Url = {http://www.statistik.at/web_de/statistiken/preise/verbraucherpreisindex_vpi_hvpi/zeitreihen_und_verkettungen/index.html},
	Urldate = {2011-03-02},
	Bdsk-Url-1 = {http://www.statistik.at/web_de/statistiken/preise/verbraucherpreisindex_vpi_hvpi/zeitreihen_und_verkettungen/index.html}}

@book{kaltschmitt2006,
	Address = {Berlin},
	Author = {Martin Kaltschmitt and Wolfgang Streicher and Andreas Wiese},
	Date-Added = {2011-02-28 10:28:55 +0100},
	Date-Modified = {2011-03-07 16:52:10 +0100},
	Publisher = {Springer Verlag},
	Title = {Erneuerbare Energien: Systemtechnik, Wirtschaftlichkeit, Umweltaspekte},
	Year = {2006}}

@url{econtrol2011,
	Author = {{Energie-Control GmbH}},
	Date-Added = {2011-02-25 16:07:57 +0100},
	Date-Modified = {2011-03-07 16:20:47 +0100},
	Title = {Betriebsstatistik - Jahresreihen},
	Url = {http://www.e-control.at/de/statistik/strom/betriebsstatistik/jahresreihen},
	Urldate = {2011-02-25},
	Bdsk-Url-1 = {http://www.e-control.at/de/statistik/strom/betriebsstatistik/jahresreihen}}
  
@url{sa-neuzulassungen,
	Author = {{Statistik Austria}},
	Date-Added = {2011-03-07 10:54:20 +0100},
	Date-Modified = {2011-03-07 16:25:15 +0100},
	Title = {Kraftfahrzeuge Neuzulassungen},
	Url = {http://www.statistik.at/web_de/statistiken/verkehr/strasse/kraftfahrzeuge_-_neuzulassungen/index.html},
	Urldate = {2011-03-07},
	Bdsk-Url-1 = {http://www.statistik.at/web_de/statistiken/verkehr/strasse/kraftfahrzeuge_-_neuzulassungen/index.html}}

@url{mmd2010,
	Author = {{Mitsubishi Motors Deutschland}},
	Date-Added = {2010-12-07 14:33:46 +0100},
	Date-Modified = {2011-03-07 16:26:41 +0100},
	Keywords = {Bildquelle},
	Title = {Mitsubishi i-MiEV betritt die europ{\"a}ische B{\"u}hne},
	Url = {http://presse.mitsubishi-motors.de/press.php?id=201008310},
	Urldate = {2010-12-07},
	Bdsk-Url-1 = {http://presse.mitsubishi-motors.de/press.php?id=201008310}}
