@ARTICLE{ddpg,
	author={Timothy P. {Lillicrap} and
		Jonathan J. {Hunt} and
		Alexander {Pritzel} and
		Nicolas {Heess} and
		Tom {Erez} and
		Yuval {Tassa} and
		David {Silver} and
		Daan {Wierstra}
	},
	title={Continuous control with deep reinforcement learning},
	year={2016},
	month={Feb},
	url={https://arxiv.org/abs/1509.02971},
}