% This file was created with JabRef 2.4.2.
% Encoding: Cp1252

@BOOK{Bischoff-2008,
  title = {Die HWZ},
  publisher = {HWZ Hochschule für Wirtschaft},
  year = {2008},
  author = {Jacques Bischoff},
  owner = {Ivan Wolf},
  timestamp = {2008.12.10}
}

@comment{jabref-meta: selector_publisher:}

@comment{jabref-meta: selector_author:}

@comment{jabref-meta: selector_journal:}

@comment{jabref-meta: selector_keywords:}

