提出了一种基于分组的方法，通过将分段集划分为形式隐藏集来防止重放攻击
@INPROCEEDINGS{6295193, 
author={L. {Sun} and Z. {Luo} and Y. {Wu} and Y. {Wang}}, 
booktitle={2012 7th International Conference on Computer Science Education (ICCSE)}, 
title={A technique for preventing replay attack in road networks}, 
year={2012}, 
volume={}, 
number={}, 
pages={807-810}, 
abstract={Recent years, several techniques have been proposed to preserve the user location privacy in road networks. Some of the existing techniques may suffer replay attack, and leads to leaking the user location privacy. The existing technique to resist replay attack is add a randomize step into the cloak process, which may be unquestioning. In this paper, we propose a grouping-based method to prevent replay attack by dividing the segment set to form cloaked set. The experiment result shows the effectiveness and feasibility of our algorithm.}, 
keywords={accident prevention;mobile computing;road accidents;set theory;traffic engineering computing;replay attack prevention;road networks;user location privacy;randomize step;grouping-based method;segment set division;cloaked set;Privacy;Roads;Mobile communication;Query processing;Spatial databases;Computer science;Educational institutions;replay attack;location privacy protection;road network;location-based services}, 
doi={10.1109/ICCSE.2012.6295193}, 
ISSN={}, 
month={July},}
@INPROCEEDINGS{8001980, 
author={S. {Kyatam} and A. {Alhayajneh} and T. {Hayajneh}}, 
booktitle={2017 IEEE Long Island Systems, Applications and Technology Conference (LISAT)}, 
title={Heartbleed attacks implementation and vulnerability}, 
year={2017}, 
volume={}, 
number={}, 
pages={1-6}, 
abstract={Several vulnerabilities were detected in the open SSL connection versions 1.0.1 and 1.0.1f. Usually, in the previous versions of SSL/TLS, once an SSL connection is established between a client and a server, the connection will stay until the client or server is idle for a certain amount of time, after which the connection will be dropped. The idea of keeping the session connected was proposed in 2012. The initial idea introduced Heartbeat Messages that are indirectly called “keep alive packets”. These “keep alive packets” or “heartbeat packets” are transmitted in between client and server when the SSL session is ideal for a certain amount of time. Regarding “keep alive packets” or “heartbeat packets” mechanisms, these packets are stored in the same memory in which most sensitive information of the client and server is stored. When it is one of the peer's turn to return the heartbeat message, that peer takes the heartbeat packet saved in its random memory location, which is sent by the other peer, and returns it to the other peer to acknowledge the live session. However, the hackers are able to craft a similar Heartbeat Message in a way that makes the peers store it in the same memory location where the sensitive data is stored. Then it returns back the sensitive data along with the crafted heartbeat message sent by the hackers. In this paper, we studied and implemented the heartbleed attack. We also discussed mitigation solutions for this vulnerability.}, 
keywords={cardiology;computer crime;medical computing;heartbleed attacks implementation;heartbleed attacks vulnerability;open SSL connection;heartbeat messages;keep alive packets;heartbeat packets;data hackers;Servers;Heart beat;Payloads;Encryption;Computer hacking;Public key;Heartbleed;Heartbeat;SSL;TLS;Reverse Heartbleed}, 
doi={10.1109/LISAT.2017.8001980}, 
ISSN={}, 
month={May},}
@INPROCEEDINGS{7292984, 
  author={Y. K. {Lee} and D. H. {Lee}}, 
  booktitle={2015 5th International Conference on IT Convergence and Security (ICITCS)}, 
  title={Forward Secure Non-Interactive Key Exchange from Indistinguishability Obfuscation}, 
  year={2015}, 
  volume={}, 
  number={}, 
  pages={1-4}, 
  keywords={cryptographic protocols;private key cryptography;forward security;noninteractive key exchange;NIKE protocol;indistinguishability obfuscation;private key cryptography;Public key;Protocols;Games;Radio frequency;Generators}, 
  doi={10.1109/ICITCS.2015.7292984}, 
  ISSN={}, 
  month={Aug}
}
@INPROCEEDINGS{INPROCEEDINGS0,
  author = {Hale, Britta and Jager, Tibor and Lauer, Sebastian and Schwenk, Jörg},
  year = {2017},
  month = {06},
  pages = {20-38},
  title = {Simple Security Definitions for and Constructions of 0-RTT Key Exchange},
  isbn = {978-3-319-61203-4},
  doi = {10.1007/978-3-319-61204-1_2}
}
@INPROCEEDINGS{INPROCEEDINGS1,
  author = {Günther, Felix and Hale, Britta and Jager, Tibor and Lauer, Sebastian},
  year = {2017},
  month = {04},
  pages = {519-548},
  title = {0-RTT Key Exchange with Full Forward Secrecy},
  isbn = {978-3-319-56616-0},
  doi = {10.1007/978-3-319-56617-7_18}
}
@INPROCEEDINGS{7961952,
  author={M. {Fischlin} and F. {Günther}}, 
  booktitle={2017 IEEE European Symposium on Security and Privacy (EuroS P)}, 
  title={Replay Attacks on Zero Round-Trip Time: The Case of the TLS 1.3 Handshake Candidates}, 
  year={2017}, 
  volume={}, 
  number={}, 
  pages={60-75}, 
  keywords={cryptography;data protection;replay attacks;zero round-trip time;TLS 1.3 handshake candidates;key exchange protocol security;provisional key;cryptographic material;early application data protection;QUIC;key secrecy;preshared-key-based 0-RTT handshake;Diffie-Hellman-based 0-RTT handshake;0-RTT security;Servers;Protocols;Cryptography;Proposals;Complexity theory;Reliability}, 
  doi={10.1109/EuroSP.2017.18}, 
  ISSN={}, 
  month={April}
}
@INPROCEEDINGS{7546518,
  author={C. {Cremers} and M. {Horvat} and S. {Scott} and T. v. d. {Merwe}}, 
  booktitle={2016 IEEE Symposium on Security and Privacy (SP)}, 
  title={Automated Analysis and Verification of TLS 1.3: 0-RTT, Resumption and Delayed Authentication}, 
  year={2016}, 
  volume={}, 
  number={}, 
  pages={470-485}, 
  keywords={authorisation;client-server systems;computer network security;cryptographic protocols;digital signatures;formal specification;formal verification;TLS 1.3 verification;0-RTT mechanism;TLS 1.3 specification;security protocol;Tamarin prover;automated analysis;handshake modes;concurrent TLS sessions;authenticated key exchange;unilateral authentication;mutual authentication;delayed client authentication;PSK-resumption handshake;IETF TLS Working Group;complex protocol mode interactions;signature contents;Protocols;Authentication;Servers;Analytical models;Cryptography;Phase shift keying}, 
  doi={10.1109/SP.2016.35}, 
  ISSN={2375-1207}, 
  month={May}
}
@INPROCEEDINGS{7546517,
  author={M. {Fischlin} and F. {Günther} and B. {Schmidt} and B. {Warinschi}}, 
  booktitle={2016 IEEE Symposium on Security and Privacy (SP)}, 
  title={Key Confirmation in Key Exchange: A Formal Treatment and Implications for TLS 1.3}, 
  year={2016}, 
  volume={}, 
  number={}, 
  pages={452-469}, 
  keywords={client-server systems;computer network security;cryptographic protocols;game theory;Internet;private key cryptography;formal treatment;formal implications;shared secret key computation;authenticity;key exchange protocol;game-based security framework;secrecy notions;full key confirmation;almost-full key confirmation;final protocol message transmission;transport layer security protocol;TLS protocol;Internet Engineering Task Force;IETF;client-server system;TLS 1.3 draft;TLS 1.3 handshake;handshake messages;folklore approach;protocol transformation;Protocols;Cryptography;Authentication;NIST;Servers;Proposals}, 
  doi={10.1109/SP.2016.34}, 
  ISSN={2375-1207}, 
  month={May}
}
@INPROCEEDINGS{7546519,
  author={X. {Li} and J. {Xu} and Z. {Zhang} and D. {Feng} and H. {Hu}}, 
  booktitle={2016 IEEE Symposium on Security and Privacy (SP)}, 
  title={Multiple Handshakes Security of TLS 1.3 Candidates}, 
  year={2016}, 
  volume={}, 
  number={}, 
  pages={486-505}, 
  keywords={computer network security;cryptographic protocols;Internet;multiple handshakes security;TLS 1.3 candidates;transport layer security protocol;TLS protocol;secure communications;Internet Engineering Task Force;IETF;multiple handshakes protocols;multilevel security model;stage security model;Bellare-Rogaway authenticated key exchange model;triple handshake attack;RFC 7627;Protocols;Cryptography;Analytical models;Servers;Internet;Browsers}, 
  doi={10.1109/SP.2016.36}, 
  ISSN={2375-1207}, 
  month={May}
}
@INPROCEEDINGS{7958593,
  author={A. {Delignat-Lavaud} and C. {Fournet} and M. {Kohlweiss} and J. {Protzenko} and A. {Rastogi} and N. {Swamy} and S. {Zanella-Beguelin} and K. {Bhargavan} and J. {Pan} and J. K. {Zinzindohoue}}, 
  booktitle={2017 IEEE Symposium on Security and Privacy (SP)}, 
  title={Implementing and Proving the TLS 1.3 Record Layer}, 
  year={2017}, 
  volume={}, 
  number={}, 
  pages={463-482}, 
  keywords={cryptographic protocols;demultiplexing;Internet;signal processing;TLS 1.3 record layer;internal subprotocols;signal stream termination;authenticated encryption with associated data;AEAD;handshake messages;cryptographic algorithms;F* module;multiplexed encryption;AES_128_GCM ciphersuites;AES_256_GCM ciphersuites;CHACHA20_POLY1305 ciphersuites;Encryption;Multiplexing;Protocols;Libraries;Ciphers;Security;Cryptography;Program Verification}, 
  doi={10.1109/SP.2017.58}, 
  ISSN={2375-1207}, 
  month={May}
}
@ARTICLE{7883842,
  author={X. {Lan} and J. {Xu} and Z. {Zhang} and W. {Zhu}}, 
  journal={IEEE Transactions on Dependable and Secure Computing}, 
  title={Investigating the Multi-Ciphersuite and Backwards-Compatibility Security of the Upcoming TLS 1.3}, 
  year={2019}, 
  volume={16}, 
  number={2}, 
  pages={272-286}, 
  keywords={computer network security;cryptographic protocols;IP networks;public key cryptography;transport protocols;secure communications;next-generation protocol;offers configurable selection;multiple protocol versions;practical attacks;backwards compatibility attack;backwards-compatibility security;multistage security model;reasonably strong security notions;cross-ciphersuite attack;handshake protocol;multiciphersuite security;TLS 1;transport layer security;Internet protocols;Protocols;Servers;Encryption;Internet;Next generation networking;Transport Layer Security;key reuse;security model;multi-ciphersuite security;backwards-compatibility security}, 
  doi={10.1109/TDSC.2017.2685382}, 
  ISSN={1545-5971}, 
  month={March}
}
传输层安全性（TLS）是一种加密协议，可在不受信任的网络连接中提供数据的机密性和完整性。该协议由两层组成：用于封装各种更高级协议的TLS记录协议和用于连接安全性的TLS握手协议。如今，TLS已成为互联网和移动应用的首选安全标准。 TLS协议有许多利用其漏洞的攻击：密码块链接（CBC）模式加密，数据压缩，使用过时的密码套件和散列函数。因此，有必要识别和检查TLS的现有威胁。本文探讨了TLS协议版本以及它们之间的主要区别。此外，我们考虑全新的TLS版本 -  TLS 1.3。众所周知的网络攻击（BEAST，CRIME，BREACH和DROWN），还有其他几种攻击（SLOTH，ROBOT，Lucky 13）及其功能。最后，我们使用自己的标准比较已审查的攻击，这有助于了解当时TLS协议的安全性。
@INPROCEEDINGS{8632026,
  author={O. {Ivanov} and V. {Ruzhentsev} and R. {Oliynykov}}, 
  booktitle={2018 International Scientific-Practical Conference Problems of Infocommunications. Science and Technology (PIC S T)}, 
  title={Comparison of Modern Network Attacks on TLS Protocol}, 
  year={2018}, 
  volume={}, 
  number={}, 
  pages={565-570}, 
  keywords={computer network security;cryptographic protocols;Internet;mobile radio;transport protocols;Transport Layer Security;cryptographic protocol;TLS Record Protocol;higher-level protocols;TLS Handshake Protocol;connection security;Cipher Block Chaining mode encryption;data compression;network attacks;untrusted network connections;Internet;mobile applications;CBC mode encryption;cypher suites;hash functions;Protocols;Servers;Ciphers;Encryption;Robots;TLS;BEAST;CBC-mode encryption;CRIME;BREACH;HTTP compression;DROWN;ROBOT;Lucky 13}, 
  doi={10.1109/INFOCOMMST.2018.8632026}, 
  ISSN={}, 
  month={Oct}
}
@INPROCEEDINGS{8280429,
  author={Y. {Yu} and M. {Xu} and Y. {Yang}}, 
  booktitle={2017 IEEE 36th International Performance Computing and Communications Conference (IPCCC)}, 
  title={When QUIC meets TCP: An experimental study}, 
  year={2017}, 
  volume={}, 
  number={}, 
  pages={1-8}, 
  keywords={Internet;telecommunication congestion control;telecommunication traffic;transport protocols;congestion control;HTTP/2;Internet;multistream-based multiplexing mechanism;4G;WIFI;transport protocol;TCP;QUIC;Internet;Transport protocols;Google;Multiplexing;Bandwidth;Propagation losses}, 
  doi={10.1109/PCCC.2017.8280429}, 
  ISSN={2374-9628}, 
  month={Dec}
}
% 期刊引用
@ARTICLE{ARTICLE_typical1,
  author = {张兴隆，程庆丰，马建峰},
  title = {TLS 1.3协议研究进展},
  journal = {武汉大学学报(理学版)},
  volume = {64(06)},
  month = {11},
  year = {2018},
  pages = {471-484}
}
@ARTICLE{ARTICLE_typical,
  author = {张兴隆，程庆丰，马建峰},
  title = {增强TLS 1.3中Early data安全性的协议},
  journal = {网络与信息安全学报},
  volume = {3(12)},
  month = {12},
  year = {2017},
  pages = {8-16}
}
我们分析中的一个重要步骤是考虑组合安全保证。我们表明，由于我们的多阶段密钥交换安全性概念可以与任意对称密钥协议组合，因此在记录层协议中使用会话密钥是安全的。此外，由于我们可以将缩写的TLS恢复过程视为对称密钥协议，因此我们的组合分析允许我们直接结束组合握手与会话恢复的安全性。
@INPROCEEDINGS{Dowling:2015:CAT:2810103.2813653,
 author = {Dowling, Benjamin and Fischlin, Marc and G\"{u}nther, Felix and Stebila, Douglas},
 title = {A Cryptographic Analysis of the TLS 1.3 Handshake Protocol Candidates},
 booktitle = {Proceedings of the 22Nd ACM SIGSAC Conference on Computer and Communications Security},
 series = {CCS '15},
 year = {2015},
 isbn = {978-1-4503-3832-5},
 location = {Denver, Colorado, USA},
 pages = {1197--1210},
 numpages = {14},
 url = {http://doi.acm.org/10.1145/2810103.2813653},
 doi = {10.1145/2810103.2813653},
 acmid = {2813653},
 publisher = {ACM},
 address = {New York, NY, USA},
 keywords = {composition, key exchange, protocol analysis, transport layer security (TLS)}
}
@INPROCEEDINGS{7507408, 
  author={R. {Velea} and F. {Gurzău} and L. {Mărgărit} and I. {Bica} and V. {Patriciu}}, 
  booktitle={2016 IEEE 11th International Symposium on Applied Computational Intelligence and Informatics (SACI)}, 
  title={Performance of parallel ChaCha20 stream cipher}, 
  year={2016}, 
  volume={}, 
  number={}, 
  pages={391-396}, 
  keywords={Android (operating system);cryptography;graphics processing units;multiprocessing systems;smart phones;parallel ChaCha20 stream cipher;encryption cipher;Google;RC4;Chrome browser;Android devices;multicore CPU;GPU;BoringSSL encryption library;OpenCL;OpenMP;Ciphers;Encryption;Graphics processing units;Kernel;Hardware;Standards;Radiation detectors;stream cipher;GPU;OpenCL;ChaCha20}, 
  doi={10.1109/SACI.2016.7507408}, 
  ISSN={}, 
  month={May}
}
@INPROCEEDINGS{7927078, 
  author={F. {De Santis} and A. {Schauer} and G. {Sigl}}, 
  booktitle={Design, Automation Test in Europe Conference Exhibition (DATE), 2017}, 
  title={ChaCha20-Poly1305 authenticated encryption for high-speed embedded IoT applications}, 
  year={2017}, 
  volume={}, 
  number={}, 
  pages={692-697}, 
  keywords={cryptography;embedded systems;Internet of Things;microprocessor chips;ChaCha20-Poly1305 authenticated encryption;embedded IoT applications;ChaCha20 stream cipher;Poly1305-ChaCha20 authenticator;ChaCha20-Poly1305 AEAD scheme;ARM Cortex-M4 processors;authenticated encryption with associated data;Internet of Things;Ciphers;Program processors;Registers;Radiation detectors;Encryption}, 
  doi={10.23919/DATE.2017.7927078}, 
  ISSN={1558-1101}, 
  month={March}
}

% 安全套接字层（SSL）协议于1994年引入，后来被重命名为传输层安全（TLS）协议，用于保护传输层。 SSL / TLS协议用于通过确保通信方之间的数据机密性，数据完整性和真实性来保护网络上的通信。 通信方的认证和数据传输的保护是通过证书，密钥交换和密码套件完成的。 在SSL / TLS协议的演化开发过程中发现了安全问题。 本文给出了过去22年对SSL / TLS协议的攻击的详细时间顺序。
@INPROCEEDINGS{7877537, 
  author={P. {Sirohi} and A. {Agarwal} and S. {Tyagi}}, 
  booktitle={2016 2nd International Conference on Next Generation Computing Technologies (NGCT)}, 
  title={A comprehensive study on security attacks on SSL/TLS protocol}, 
  year={2016}, 
  volume={}, 
  number={}, 
  pages={893-898}, 
  keywords={cryptographic protocols;data integrity;transport protocols;security attacks;TLS protocol;SSL protocol;secure socket layer protocol;transport layer security protocol;data confidentiality;data integrity;communicating party;evolutionary development;chronological order;certificates;key exchange;cipher suites;Protocols;Ciphers;Servers;Encryption;Next generation networking;Security;Attacks;TLS/SSL;Cipher suites}, 
  doi={10.1109/NGCT.2016.7877537}, 
  ISSN={}, 
  month={Oct}
}

% 网址引用
% 用 note 显示时间在最后
@online{RFC8446,
  author = {Internet Engineering Task Force},
  title = {The Transport Layer Security (TLS) Protocol Version 1.3},
  url={https://tools.ietf.org/html/rfc8446/},
  note = {，2018-08/2019-04-04}
}
@online{RFC5869,
  author = {Internet Engineering Task Force},
  title = {HMAC-based Extract-and-Expand Key Derivation Function (HKDF)},
  url={https://tools.ietf.org/html/rfc5869/},
  note = {，2010-05/2019-04-04}
}
@online{RFC5166,
  author = {Internet Engineering Task Force},
  title = { An Interface and Algorithms for Authenticated Encryption},
  url = {https://tools.ietf.org/html/rfc5166/},
  note = {，2008-03/2019-04-04},
}
@online{MMTLS,
  author = {WeMobileDev},
  title = { 基于TLS1.3的微信安全通信协议mmtls介绍},
  note = {https://github.com/WeMobileDev/article/blob/master/基于TLS1.3的微信安全通信协议mmtls介绍.md，2017-06-04/2019-04-04},
}