@techreport{Edwards:2013,
  title={A Finer Functional {F}ibonacci on a Fast {FPGA}},
  author={Stephen A. Edwards},
  institution={Columbia University, Department of Computer Science},
  note={Technical Report CUCSâ€“005-13},
  year={2013}
}

@techreport{Rohl:1989,
  title={Recursive and Iterative Functions for Generating {F}ibonacci Numbers},
  institution={Cornell University},
  author={Rohl, J. S.},
  year={1989}
}

@BOOK{Goonatilake:1998,
  author={Goonatilake, Susantha},
  year = {1998},
  title = {Toward a Global Science},
  publisher = {Indiana University Press},
  address = {Indiana}
}

@article{Singh:1985,
  author={Singh, Parmanand},
  year = {1985}, 
  title= {The So-called {F}ibonacci numbers in ancient and medieval {I}ndia},
  journal = {Historia Mathematica},
  volume = {12},
  number = {3},
  pages= {229--244}  
}

@article{Vogel:1979,
  author={Vogel, H},
  year={1979},
  title={A better way to construct the sunflower head}, 
  journal={Mathematical Biosciences},
  volume= {44},
  number={44},
  pages={179--89}
}

@INPROCEEDINGS{banerjee:pedersen:2003,
  author = {Banerjee, Satanjeev and Pedersen, Ted},
  title = {Extended Gloss Overlaps as a Measure of Semantic Relatedness},
  booktitle = {Proceedings of the 18th International Joint Conference on Artificial
	Intelligence},
  year = {2003},
  pages = {805--810}
}

@INPROCEEDINGS{azarova:etal:2002,
  author = {Irina Azarova and Olga Mitrofanova and Anna Sinopalnikova and Maria
  Yavorskaya and Ilya Oparin},
  title = {{RussNet}: Building a Lexical Database for the {Russian} Language},
  booktitle = {Proceedings of Workshop on WordNet Structures and Standardisation
  and How this affect Wordnet Applications and Evaluation},
  year = {2002},
  pages = {60-64},
  address = {Las Palmas},
  location = {Las Palmas},
  owner = {liantze}
}

@PHDTHESIS{berment:phd:2004,
  author = {Vincent Berment},
  title = {\foreignlanguage{french}{M\'{e}thods pour Informatiser les Langues
	et les Groupes de Langues `peu dot\'{e}es'}},
  school = {Universit\'{e} Joseph Fourier},
  year = {2004},
  address = {Grenoble, France}
}

@ARTICLE{budanitsky:hirst:2006,
  author = {Budanitsky, Alexander and Hirst, Graeme},
  title = {Evaluating {WordNet}-based Measures of Lexical Semantic Relatedness},
  journal = {Computational Linguistics},
  year = {2006},
  volume = {32},
  pages = {13--47},
  number = {1}
}