%% This BibTeX bibliography file was created using BibDesk.
%% http://bibdesk.sourceforge.net/


%% Created for Ricardo Langner at 2011-05-27 13:40:00 +0200 


%% Saved with string encoding Unicode (UTF-8) 



@online{WEB:GNU:GPL:2010,
	Author = {{Free Software Foundation, Inc.}},
	Date-Added = {2011-05-27 13:38:31 +0200},
	Date-Modified = {2011-05-27 13:39:24 +0200},
	Title = {GNU General Public License},
	Url = {http://www.gnu.org/licenses/gpl.html},
	Urldate = {2011-05-27},
	Year = {2010}}

@online{WEB:Miede:2011,
	Author = {Andr{\'e} Miede},
	Date-Added = {2011-05-27 13:35:41 +0200},
	Date-Modified = {2011-05-27 13:37:15 +0200},
	Title = {A Classic Thesis Style by Andr{\'e} Miede},
	Url = {http://www.miede.de/index.php?page=classicthesis},
	Urldate = {2011-05-27},
	Year = {2011}}

@book{Jurgens:2000,
	Author = {Manuela J{\"u}rgens},
	Date-Added = {2011-05-27 13:34:22 +0200},
	Date-Modified = {2011-05-27 13:34:59 +0200},
	Publisher = {FernUniversit{\"a}t Gesamthochschule in Hagen},
	Title = {LaTeX: eine Einf{\"u}hrung und ein bisschen mehr},
	Year = {2000}}

@book{Jurgens:1995,
	Author = {Manuela J{\"u}rgens},
	Date-Added = {2011-05-27 13:32:40 +0200},
	Date-Modified = {2011-05-27 13:34:17 +0200},
	Publisher = {FernUniversit{\"a}t Gesamthochschule in Hagen},
	Title = {LaTeX: Fortgeschrittene Anwendungen},
	Year = {1995}}

@manual{Miede:2011,
	Author = {Andr{\'e} Miede},
	Date-Added = {2011-05-27 13:29:22 +0200},
	Date-Modified = {2011-05-27 13:30:39 +0200},
	Title = {A Classic Thesis Style: An Homage to The Elements of Typographic Style},
	Year = {2011}}

@book{Kohm:2011,
	Author = {Markus Kohm and Jens-Uwe-Morawski},
	Date-Added = {2011-05-27 13:27:35 +0200},
	Date-Modified = {2011-05-27 13:28:22 +0200},
	Title = {KOMA-Script: Die Anleitung},
	Year = {2011}}

@book{Apple:keynote:2010,
	Author = {{Apple Inc.}},
	Date-Added = {2011-03-21 17:19:42 +0100},
	Date-Modified = {2011-03-21 17:19:42 +0100},
	Publisher = {{Apple Inc.}},
	Title = {Keynote '09 User Guide},
	Year = {2010},
	Bdsk-File-1 = {YnBsaXN0MDDUAQIDBAUIJidUJHRvcFgkb2JqZWN0c1gkdmVyc2lvblkkYXJjaGl2ZXLRBgdUcm9vdIABqAkKFRYXGyIjVSRudWxs0wsMDQ4RFFpOUy5vYmplY3RzV05TLmtleXNWJGNsYXNzog8QgASABqISE4ACgAOAB1lhbGlhc0RhdGFccmVsYXRpdmVQYXRo0hgNGRpXTlMuZGF0YU8RAfIAAAAAAfIAAgAADE1hY2ludG9zaCBIRAAAAAAAAAAAAAAAAAAAAMjMzzBIKwAAADQGiB9BcHBsZSBJbmMuXzIwMTBfS2V5biM0M0VCNTcucGRmAAAAAAAAAAAAAAAAAAAAAAAAAAAAAAAAAAAAAAAAAAAAQ+tXyUqouAAAAAAAAAAAAAIAAwAACSAAAAAAAAAAAAAAAAAAAAAFRmlsZXMAABAACAAAyMyzEAAAABEACAAAyUqaqAAAAAEAEAA0BogANAaGAAPAAwAAkZEAAgBMTWFjaW50b3NoIEhEOlVzZXJzOmRlcnJpYzpCaWJsaW9ncmFwaHk6RmlsZXM6QXBwbGUgSW5jLl8yMDEwX0tleW4jNDNFQjU3LnBkZgAOAFYAKgBBAHAAcABsAGUAIABJAG4AYwAuAF8AMgAwADEAMABfAEsAZQB5AG4AbwB0AGUAIAAnADAAOQAgAFUAcwBlAHIAIABHAHUAaQBkAGUALgBwAGQAZgAPABoADABNAGEAYwBpAG4AdABvAHMAaAAgAEgARAASAEpVc2Vycy9kZXJyaWMvQmlibGlvZ3JhcGh5L0ZpbGVzL0FwcGxlIEluYy5fMjAxMF9LZXlub3RlICcwOSBVc2VyIEd1aWRlLnBkZgATAAEvAAAVAAIADf//AACABdIcHR4fWCRjbGFzc2VzWiRjbGFzc25hbWWjHyAhXU5TTXV0YWJsZURhdGFWTlNEYXRhWE5TT2JqZWN0XxBDLi4vLi4vQmlibGlvZ3JhcGh5L0ZpbGVzL0FwcGxlIEluYy5fMjAxMF9LZXlub3RlICcwOSBVc2VyIEd1aWRlLnBkZtIcHSQloiUhXE5TRGljdGlvbmFyeRIAAYagXxAPTlNLZXllZEFyY2hpdmVyAAgAEQAWAB8AKAAyADUAOgA8AEUASwBSAF0AZQBsAG8AcQBzAHYAeAB6AHwAhgCTAJgAoAKWApgCnQKmArECtQLDAsoC0wMZAx4DIQMuAzMAAAAAAAACAQAAAAAAAAAoAAAAAAAAAAAAAAAAAAADRQ==},
	Bdsk-File-2 = {YnBsaXN0MDDUAQIDBAUIJidUJHRvcFgkb2JqZWN0c1gkdmVyc2lvblkkYXJjaGl2ZXLRBgdUcm9vdIABqAkKFRYXGyIjVSRudWxs0wsMDQ4RFFpOUy5vYmplY3RzV05TLmtleXNWJGNsYXNzog8QgASABqISE4ACgAOAB1lhbGlhc0RhdGFccmVsYXRpdmVQYXRo0hgNGRpXTlMuZGF0YU8RAfYAAAAAAfYAAgAADE1hY2ludG9zaCBIRAAAAAAAAAAAAAAAAAAAAMjMzzBIKwAAADQGiB9BcHBsZSBJbmMuXzIwMTBfS2V5biM0NkUzNkUucGRmAAAAAAAAAAAAAAAAAAAAAAAAAAAAAAAAAAAAAAAAAAAARuNuyUqiogAAAAAAAAAAAAIAAwAACSAAAAAAAAAAAAAAAAAAAAAFRmlsZXMAABAACAAAyMyzEAAAABEACAAAyUqUkgAAAAEAEAA0BogANAaGAAPAAwAAkZEAAgBMTWFjaW50b3NoIEhEOlVzZXJzOmRlcnJpYzpCaWJsaW9ncmFwaHk6RmlsZXM6QXBwbGUgSW5jLl8yMDEwX0tleW4jNDZFMzZFLnBkZgAOAFgAKwBBAHAAcABsAGUAIABJAG4AYwAuAF8AMgAwADEAMABfAEsAZQB5AG4AbwB0AGUAIAAnADAAOQAgAFUAcwBlAHIAIABHAHUAaQBkAGUAMAAuAHAAZABmAA8AGgAMAE0AYQBjAGkAbgB0AG8AcwBoACAASABEABIAS1VzZXJzL2RlcnJpYy9CaWJsaW9ncmFwaHkvRmlsZXMvQXBwbGUgSW5jLl8yMDEwX0tleW5vdGUgJzA5IFVzZXIgR3VpZGUwLnBkZgAAEwABLwAAFQACAA3//wAAgAXSHB0eH1gkY2xhc3Nlc1okY2xhc3NuYW1lox8gIV1OU011dGFibGVEYXRhVk5TRGF0YVhOU09iamVjdF8QRC4uLy4uL0JpYmxpb2dyYXBoeS9GaWxlcy9BcHBsZSBJbmMuXzIwMTBfS2V5bm90ZSAnMDkgVXNlciBHdWlkZTAucGRm0hwdJCWiJSFcTlNEaWN0aW9uYXJ5EgABhqBfEA9OU0tleWVkQXJjaGl2ZXIACAARABYAHwAoADIANQA6ADwARQBLAFIAXQBlAGwAbwBxAHMAdgB4AHoAfACGAJMAmACgApoCnAKhAqoCtQK5AscCzgLXAx4DIwMmAzMDOAAAAAAAAAIBAAAAAAAAACgAAAAAAAAAAAAAAAAAAANK}}

@book{Apple:numbers:2010,
	Author = {{Apple Inc.}},
	Date-Added = {2011-03-21 17:19:42 +0100},
	Date-Modified = {2011-03-21 17:19:42 +0100},
	Publisher = {{Apple Inc.}},
	Title = {Numbers '09 User Guide},
	Year = {2010},
	Bdsk-File-1 = {YnBsaXN0MDDUAQIDBAUIJidUJHRvcFgkb2JqZWN0c1gkdmVyc2lvblkkYXJjaGl2ZXLRBgdUcm9vdIABqAkKFRYXGyIjVSRudWxs0wsMDQ4RFFpOUy5vYmplY3RzV05TLmtleXNWJGNsYXNzog8QgASABqISE4ACgAOAB1lhbGlhc0RhdGFccmVsYXRpdmVQYXRo0hgNGRpXTlMuZGF0YU8RAfIAAAAAAfIAAgAADE1hY2ludG9zaCBIRAAAAAAAAAAAAAAAAAAAAMjMzzBIKwAAADQGiB9BcHBsZSBJbmMuXzIwMTBfTnVtYiM0M0VCNjEucGRmAAAAAAAAAAAAAAAAAAAAAAAAAAAAAAAAAAAAAAAAAAAAQ+thyUqocgAAAAAAAAAAAAIAAwAACSAAAAAAAAAAAAAAAAAAAAAFRmlsZXMAABAACAAAyMyzEAAAABEACAAAyUqaYgAAAAEAEAA0BogANAaGAAPAAwAAkZEAAgBMTWFjaW50b3NoIEhEOlVzZXJzOmRlcnJpYzpCaWJsaW9ncmFwaHk6RmlsZXM6QXBwbGUgSW5jLl8yMDEwX051bWIjNDNFQjYxLnBkZgAOAFYAKgBBAHAAcABsAGUAIABJAG4AYwAuAF8AMgAwADEAMABfAE4AdQBtAGIAZQByAHMAIAAnADAAOQAgAFUAcwBlAHIAIABHAHUAaQBkAGUALgBwAGQAZgAPABoADABNAGEAYwBpAG4AdABvAHMAaAAgAEgARAASAEpVc2Vycy9kZXJyaWMvQmlibGlvZ3JhcGh5L0ZpbGVzL0FwcGxlIEluYy5fMjAxMF9OdW1iZXJzICcwOSBVc2VyIEd1aWRlLnBkZgATAAEvAAAVAAIADf//AACABdIcHR4fWCRjbGFzc2VzWiRjbGFzc25hbWWjHyAhXU5TTXV0YWJsZURhdGFWTlNEYXRhWE5TT2JqZWN0XxBDLi4vLi4vQmlibGlvZ3JhcGh5L0ZpbGVzL0FwcGxlIEluYy5fMjAxMF9OdW1iZXJzICcwOSBVc2VyIEd1aWRlLnBkZtIcHSQloiUhXE5TRGljdGlvbmFyeRIAAYagXxAPTlNLZXllZEFyY2hpdmVyAAgAEQAWAB8AKAAyADUAOgA8AEUASwBSAF0AZQBsAG8AcQBzAHYAeAB6AHwAhgCTAJgAoAKWApgCnQKmArECtQLDAsoC0wMZAx4DIQMuAzMAAAAAAAACAQAAAAAAAAAoAAAAAAAAAAAAAAAAAAADRQ==},
	Bdsk-File-2 = {YnBsaXN0MDDUAQIDBAUIJidUJHRvcFgkb2JqZWN0c1gkdmVyc2lvblkkYXJjaGl2ZXLRBgdUcm9vdIABqAkKFRYXGyIjVSRudWxs0wsMDQ4RFFpOUy5vYmplY3RzV05TLmtleXNWJGNsYXNzog8QgASABqISE4ACgAOAB1lhbGlhc0RhdGFccmVsYXRpdmVQYXRo0hgNGRpXTlMuZGF0YU8RAfYAAAAAAfYAAgAADE1hY2ludG9zaCBIRAAAAAAAAAAAAAAAAAAAAMjMzzBIKwAAADQGiB9BcHBsZSBJbmMuXzIwMTBfTnVtYiM0NkUzN0QucGRmAAAAAAAAAAAAAAAAAAAAAAAAAAAAAAAAAAAAAAAAAAAARuN9yUqikwAAAAAAAAAAAAIAAwAACSAAAAAAAAAAAAAAAAAAAAAFRmlsZXMAABAACAAAyMyzEAAAABEACAAAyUqUgwAAAAEAEAA0BogANAaGAAPAAwAAkZEAAgBMTWFjaW50b3NoIEhEOlVzZXJzOmRlcnJpYzpCaWJsaW9ncmFwaHk6RmlsZXM6QXBwbGUgSW5jLl8yMDEwX051bWIjNDZFMzdELnBkZgAOAFgAKwBBAHAAcABsAGUAIABJAG4AYwAuAF8AMgAwADEAMABfAE4AdQBtAGIAZQByAHMAIAAnADAAOQAgAFUAcwBlAHIAIABHAHUAaQBkAGUAMAAuAHAAZABmAA8AGgAMAE0AYQBjAGkAbgB0AG8AcwBoACAASABEABIAS1VzZXJzL2RlcnJpYy9CaWJsaW9ncmFwaHkvRmlsZXMvQXBwbGUgSW5jLl8yMDEwX051bWJlcnMgJzA5IFVzZXIgR3VpZGUwLnBkZgAAEwABLwAAFQACAA3//wAAgAXSHB0eH1gkY2xhc3Nlc1okY2xhc3NuYW1lox8gIV1OU011dGFibGVEYXRhVk5TRGF0YVhOU09iamVjdF8QRC4uLy4uL0JpYmxpb2dyYXBoeS9GaWxlcy9BcHBsZSBJbmMuXzIwMTBfTnVtYmVycyAnMDkgVXNlciBHdWlkZTAucGRm0hwdJCWiJSFcTlNEaWN0aW9uYXJ5EgABhqBfEA9OU0tleWVkQXJjaGl2ZXIACAARABYAHwAoADIANQA6ADwARQBLAFIAXQBlAGwAbwBxAHMAdgB4AHoAfACGAJMAmACgApoCnAKhAqoCtQK5AscCzgLXAx4DIwMmAzMDOAAAAAAAAAIBAAAAAAAAACgAAAAAAAAAAAAAAAAAAANK}}

@book{Apple:pages:2010,
	Author = {{Apple Inc.}},
	Date-Added = {2011-03-10 10:56:56 +0100},
	Date-Modified = {2011-03-10 10:56:56 +0100},
	Publisher = {{Apple Inc.}},
	Title = {Pages '09 User Guide},
	Year = {2010},
	Bdsk-File-1 = {YnBsaXN0MDDUAQIDBAUIJidUJHRvcFgkb2JqZWN0c1gkdmVyc2lvblkkYXJjaGl2ZXLRBgdUcm9vdIABqAkKFRYXGyIjVSRudWxs0wsMDQ4RFFpOUy5vYmplY3RzV05TLmtleXNWJGNsYXNzog8QgASABqISE4ACgAOAB1lhbGlhc0RhdGFccmVsYXRpdmVQYXRo0hgNGRpXTlMuZGF0YU8RAewAAAAAAewAAgAADE1hY2ludG9zaCBIRAAAAAAAAAAAAAAAAAAAAMjMzzBIKwAAADQGiB9BcHBsZSBJbmMuXzIwMTBfUGFnZSM0M0RGNzkucGRmAAAAAAAAAAAAAAAAAAAAAAAAAAAAAAAAAAAAAAAAAAAAQ995yUqizgAAAAAAAAAAAAIAAwAACSAAAAAAAAAAAAAAAAAAAAAFRmlsZXMAABAACAAAyMyzEAAAABEACAAAyUqUvgAAAAEAEAA0BogANAaGAAPAAwAAkZEAAgBMTWFjaW50b3NoIEhEOlVzZXJzOmRlcnJpYzpCaWJsaW9ncmFwaHk6RmlsZXM6QXBwbGUgSW5jLl8yMDEwX1BhZ2UjNDNERjc5LnBkZgAOAFIAKABBAHAAcABsAGUAIABJAG4AYwAuAF8AMgAwADEAMABfAFAAYQBnAGUAcwAgACcAMAA5ACAAVQBzAGUAcgAgAEcAdQBpAGQAZQAuAHAAZABmAA8AGgAMAE0AYQBjAGkAbgB0AG8AcwBoACAASABEABIASFVzZXJzL2RlcnJpYy9CaWJsaW9ncmFwaHkvRmlsZXMvQXBwbGUgSW5jLl8yMDEwX1BhZ2VzICcwOSBVc2VyIEd1aWRlLnBkZgATAAEvAAAVAAIADf//AACABdIcHR4fWCRjbGFzc2VzWiRjbGFzc25hbWWjHyAhXU5TTXV0YWJsZURhdGFWTlNEYXRhWE5TT2JqZWN0XxBBLi4vLi4vQmlibGlvZ3JhcGh5L0ZpbGVzL0FwcGxlIEluYy5fMjAxMF9QYWdlcyAnMDkgVXNlciBHdWlkZS5wZGbSHB0kJaIlIVxOU0RpY3Rpb25hcnkSAAGGoF8QD05TS2V5ZWRBcmNoaXZlcgAIABEAFgAfACgAMgA1ADoAPABFAEsAUgBdAGUAbABvAHEAcwB2AHgAegB8AIYAkwCYAKACkAKSApcCoAKrAq8CvQLEAs0DEQMWAxkDJgMrAAAAAAAAAgEAAAAAAAAAKAAAAAAAAAAAAAAAAAAAAz0=},
	Bdsk-File-2 = {YnBsaXN0MDDUAQIDBAUIJidUJHRvcFgkb2JqZWN0c1gkdmVyc2lvblkkYXJjaGl2ZXLRBgdUcm9vdIABqAkKFRYXGyIjVSRudWxs0wsMDQ4RFFpOUy5vYmplY3RzV05TLmtleXNWJGNsYXNzog8QgASABqISE4ACgAOAB1lhbGlhc0RhdGFccmVsYXRpdmVQYXRo0hgNGRpXTlMuZGF0YU8RAfAAAAAAAfAAAgAADE1hY2ludG9zaCBIRAAAAAAAAAAAAAAAAAAAAMjMzzBIKwAAADQGiB9BcHBsZSBJbmMuXzIwMTBfUGFnZSM0NkUzOUEucGRmAAAAAAAAAAAAAAAAAAAAAAAAAAAAAAAAAAAAAAAAAAAARuOayUqirgAAAAAAAAAAAAIAAwAACSAAAAAAAAAAAAAAAAAAAAAFRmlsZXMAABAACAAAyMyzEAAAABEACAAAyUqUngAAAAEAEAA0BogANAaGAAPAAwAAkZEAAgBMTWFjaW50b3NoIEhEOlVzZXJzOmRlcnJpYzpCaWJsaW9ncmFwaHk6RmlsZXM6QXBwbGUgSW5jLl8yMDEwX1BhZ2UjNDZFMzlBLnBkZgAOAFQAKQBBAHAAcABsAGUAIABJAG4AYwAuAF8AMgAwADEAMABfAFAAYQBnAGUAcwAgACcAMAA5ACAAVQBzAGUAcgAgAEcAdQBpAGQAZQAwAC4AcABkAGYADwAaAAwATQBhAGMAaQBuAHQAbwBzAGgAIABIAEQAEgBJVXNlcnMvZGVycmljL0JpYmxpb2dyYXBoeS9GaWxlcy9BcHBsZSBJbmMuXzIwMTBfUGFnZXMgJzA5IFVzZXIgR3VpZGUwLnBkZgAAEwABLwAAFQACAA3//wAAgAXSHB0eH1gkY2xhc3Nlc1okY2xhc3NuYW1lox8gIV1OU011dGFibGVEYXRhVk5TRGF0YVhOU09iamVjdF8QQi4uLy4uL0JpYmxpb2dyYXBoeS9GaWxlcy9BcHBsZSBJbmMuXzIwMTBfUGFnZXMgJzA5IFVzZXIgR3VpZGUwLnBkZtIcHSQloiUhXE5TRGljdGlvbmFyeRIAAYagXxAPTlNLZXllZEFyY2hpdmVyAAgAEQAWAB8AKAAyADUAOgA8AEUASwBSAF0AZQBsAG8AcQBzAHYAeAB6AHwAhgCTAJgAoAKUApYCmwKkAq8CswLBAsgC0QMWAxsDHgMrAzAAAAAAAAACAQAAAAAAAAAoAAAAAAAAAAAAAAAAAAADQg==}}
