@article{kirkpatrick1983optimization,
    author = "S. Kirkpatrick and C. D. Gelatt and M. P. Vecchi",
    title = "Optimization by Simulated Annealing",
    journal = "Science, Number 4598, 13 May 1983",
    volume = "220, 4598",
    pages = "671--680",
    year = "1983",
    url = "citeseer.nj.nec.com/kirkpatrick83optimization.html"
}

@ARTICLE{metropolis1953equation,
    AUTHOR    = "Nicholas Metropolis and Arianna W. Rosenbluth and Marshall N. Rosenbluth
                 and Augusta H. Teller",
    TITLE     = "Equation of State Calculations by Fast Computing Machines",
    JOURNAL   = "Journal of Chemical Physics",
    VOLUME    = {21},
    NUMBER    = {6},
    MONTH     = {Jun},
    YEAR      = {1953},
    PAGES     = "1087--1092"
    }

@BOOK{liu2001monte,
	author={Jun S. Liu},
        TITLE={{M}onte {C}arlo Strategies in Scientific Computing},
        PUBLISHER={Springer-Verlag},
        ADDRESS={New York},
        YEAR={2001}
}

@ARTICLE{gelman1992inference,
  AUTHOR = "Andrew {Gelman} and Donald B. {Rubin}",
  TITLE = {Inference from Iterative Simulation Using Multiple Sequences},
  JOURNAL = "Statistical Science",
  VOLUME = "7",
  PAGES = "457--472",
  YEAR = "1992"
}

@Article{waterston2002initial,
    author = "Waterston, R H and Lindblad-Toh, K and Birney, E and Rogers, J and Abril, J F and Agarwal, P and Agarwala, R and Ainscough, R and Alexandersson, M and An, P and Antonarakis, S E and Attwood, J and Baertsch, R and Bailey, J and Barlow, K and Beck, S and Berry, E and Birren, B and Bloom, T and Bork, P and Botcherby, M and Bray, N and Brent, M R and Brown, D G and Brown, S D and Bult, C and Burton, J and Butler, J and Campbell, R D and Carninci, P and Cawley, S and Chiaromonte, F and Chinwalla, A T and Church, D M and Clamp, M and Clee, C and Collins, F S and Cook, L L and Copley, R R and Coulson, A and Couronne, O and Cuff, J and Curwen, V and Cutts, T and Daly, M and David, R and Davies, J and Delehaunty, K D and Deri, J and Dermitzakis, E T and Dewey, C and Dickens, N J and Diekhans, M and Dodge, S and Dubchak, I and Dunn, D M and Eddy, S R and Elnitski, L and Emes, R D and Eswara, P and Eyras, E and Felsenfeld, A and Fewell, G A and Flicek, P and Foley, K and Frankel, W N and Fulton, L A and Fulton, R S and Furey, T S and Gage, D and Gibbs, R A and Glusman, G and Gnerre, S and Goldman, N and Goodstadt, L and Grafham, D and Graves, T A and Green, E D and Gregory, S and Guig{\'o}, R and Guyer, M and Hardison, R C and Haussler, D and Hayashizaki, Y and Hillier, L W and Hinrichs, A and Hlavina, W and Holzer, T and Hsu, F and Hua, A and Hubbard, T and Hunt, A and Jackson, I and Jaffe, D B and Johnson, L S and Jones, M and Jones, T A and Joy, A and Kamal, M and Karlsson, E K and Karolchik, D and Kasprzyk, A and Kawai, J and Keibler, E and Kells, C and Kent, W J and Kirby, A and Kolbe, D L and Korf, I and Kucherlapati, R S and Kulbokas, E J and Kulp, D and Landers, T and Leger, J P and Leonard, S and Letunic, I and Levine, R and Li, J and Li, M and Lloyd, C and Lucas, S and Ma, B and Maglott, D R and Mardis, E R and Matthews, L and Mauceli, E and Mayer, J H and McCarthy, M and McCombie, W R and McLaren, S and McLay, K and McPherson, J D and Meldrim, J and Meredith, B and Mesirov, J P and Miller, W and Miner, T L and Mongin, E and Montgomery, K T and Morgan, M and Mott, R and Mullikin, J C and Muzny, D M and Nash, W E and Nelson, J O and Nhan, M N and Nicol, R and Ning, Z and Nusbaum, C and O'Connor, M J and Okazaki, Y and Oliver, K and Overton-Larty, E and Pachter, L and Parra, G and Pepin, K H and Peterson, J and Pevzner, P and Plumb, R and Pohl, C S and Poliakov, A and Ponce, T C and Ponting, C P and Potter, S and Quail, M and Reymond, A and Roe, B A and Roskin, K M and Rubin, E M and Rust, A G and Santos, R and Sapojnikov, V and Schultz, B and Schultz, J and Schwartz, M S and Schwartz, S and Scott, C and Seaman, S and Searle, S and Sharpe, T and Sheridan, A and Shownkeen, R and Sims, S and Singer, J B and Slater, G and Smit, A and Smith, D R and Spencer, B and Stabenau, A and Stange-Thomann, N and Sugnet, C and Suyama, M and Tesler, G and Thompson, J and Torrents, D and Trevaskis, E and Tromp, J and Ucla, C and Ureta-Vidal, A and Vinson, J P and Von Niederhausern, A C and Wade, C M and Wall, M and Weber, R J and Weiss, R B and Wendl, M C and West, A P and Wetterstrand, K and Wheeler, R and Whelan, S and Wierzbowski, J and Willey, D and Williams, S and Wilson, R K and Winter, E and Worley, K C and Wyman, D and Yang, S and Yang, S P and Zdobnov, E M and Zody, M C and Lander, E S",
    title = {Initial sequencing and comparative analysis of the mouse genome},
    abstract = {The sequence of the mouse genome is a key informational tool for understanding the contents of the human genome and a key experimental tool for biomedical research. Here, we report the results of an international collaboration to produce a high-quality draft sequence of the mouse genome. We also present an initial comparative analysis of the mouse and human genomes, describing some of the insights that can be gleaned from the two sequences. We discuss topics including the analysis of the evolutionary forces shaping the size, structure and sequence of the genomes; the conservation of large-scale synteny across most of the genomes; the much lower extent of sequence orthology covering less than half of the genomes; the proportions of the genomes under selection; the number of protein-coding genes; the expansion of gene families related to reproduction and immunity; the evolution of proteins; and the identification of intraspecies polymorphism.},
    journal = "Nature",
    year = "2002",
    volume = "420",
    number = "6915",
    pages = "520-562",
    month = "Dec",
    pmid = "12466850",
    url = "http://www.hubmed.org/display.cgi?uids=12466850",
    doi = "10.1038/nature01262"
}



@book{sipser1997introduction,
author    = "Michael Sipser",
title     = "Introduction to the Theory of Computation",
publisher = "PWS Publishing Company",
year      = "1997",
volume    = "",
serious   = "",
address   = "",
edition   = "",
month     = "",
chapter   = "",
pages     = "",
}

@book{friedl1997mastering,
   author="Jeffrey {E.F.} Friedl",
   Editor="",
   title="Mastering Regular Expressions",
   publisher="O'Reilly \&\ Associates, Inc.",
   year="1997",
   volume="",
   series="",
   address="Sebastopol, California",
   edition="",
   month="",
   note="",
   comment=""
}






@Article{dongarra2002basicI,
  author =       "Jack Dongarra",
  title =        "Preface: {Basic Linear Algebra Subprograms Technical
                 (Blast) Forum Standard I}",
  journal =      "The International Journal of High Performance Computing Applications",
  volume =       "16",
  number =       "1",
  pages =        "1--111",
  month =        "Spring",
  year =         "2002",
  ISSN =         "1094-3420",
}

@Article{dongarra2002basicII,
  author =       "Jack Dongarra",
  title =        "Preface: {Basic Linear Algebra Subprograms Technical
                 (Blast) Forum Standard II}",
  journal =      "The International Journal of High Performance Computing Applications",
  volume =       "16",
  number =       "2",
  pages =        "115--199",
  month =        "Summer",
  year =         "2002",
}

@Article{blackford2002updated,
  author =       "L. Susan Blackford and James Demmel and Jack Dongarra
                 and Iain Duff and Sven Hammarling and Greg Henry and
                 Michael Heroux and Linda Kaufman and Andrew Lumsdaine
                 and Antoine Petitet and Roldan Pozo and Karin Remington
                 and R. Clint Whaley",
  title =        "An updated set of {Basic Linear Algebra Subprograms
                 (BLAS)}",
  journal =      "{ACM} Transactions on Mathematical Software",
  volume =       "28",
  number =       "2",
  pages =        "135--151",
  month =        jun,
  year =         "2002",
  CODEN =        "ACMSCU",
  ISSN =         "0098-3500",
  bibsource =    "http://www.acm.org/pubs/contents/journals/toms/",
  URL =          "http://doi.acm.org/10.1145/567806.567807",
  abstract =     "This paper expands the specification of a set of
                 kernel routines for linear algebra, historically called
                 the Basic Linear Algebra Subprograms and commonly known
                 as the BLAS.\par

                 Numerical linear algebra, particularly the solution of
                 linear systems of equations, linear least squares
                 problems, eigenvalue problems and singular value
                 problems, is fundamental to most calculations in
                 scientific computing, and is often the computationally
                 intense part of such calculations. Designers of
                 computer programs involving linear algebraic operations
                 have frequently chosen to implement certain low level
                 operations, such as the dot product or the matrix
                 vector product, as separate subprograms. This may be
                 observed both in many published codes and in codes
                 written for specific applications at many computer
                 installations.\par

                 A major aim of the standards defined in this paper is
                 to enable linear algebra libraries (both public domain
                 and commercial) to interoperate efficiently, reliably
                 and easily.",
}

@Book{galassi2003gnu,
  ALTauthor =      {Galassi, Mark and Davies, Jim and Theiler, J. and
  Gough, B. and Jungman, G. and Booth, M. and Rossi, F.},
  ALTeditor =      {},
  title =      {GNU Scientific Library Reference Manual - Second Edition},
  publisher =      {Network Theory Ltd.},
  year =      {2003},
  OPTkey =      {},
  OPTvolume =      {},
  OPTnumber =      {},
  OPTseries =      {},
  OPTaddress =      {},
  OPTedition =      {2},
  OPTmonth =      {},
  OPTnote =      {},
  OPTannote =      {}
}


@Article{shieber1985evidence,
  author = {Shieber, Stuart M.},
  title = {Evidence against the context-freeness of natural language},
  journal = {Linguistics and Philosophy},
  year = {1985},
  volume = {8},
  pages = {333--343}
}

@article{bresnan1982cross,
    author = "Joan Bresnan and Ronald M. Kaplan and Stanley Peters and
		  Annie Zaenen",
    year = "1982",
    title = "Cross-serial dependencies in {D}utch",
    journal = "Linguistic Inquiry",
    volume = "13",
    number = "4",
    pages = "613--635",
    note = "Reprinted in W. Savitch et al. (eds) The Formal Complexity
		  of Natural Language, 286--319. Dordrecht:
		  D. Reidel."
}

@Book{aho1979theory,
  author =       {Alfred V. Aho and Jeffrey D. Ullman},
  editor =       {George Forsythe},
  title =        {The Theory of Parsing, Translation, and Compiling},
  publisher =    {Prentice Hall},
  year =         {1979},
  volume =       {I: Parsing},
  series =       {Series in Automatic Computation},
  address =      {Englewood Cliffs, New Jersey},
  isbn =         {0-13-914556-7}
}

@Article{piegorsch1994statistical,
        Author    = "Piegorsch, W W and Bailer, A J",
        Title     = "{Statistical approaches for analyzing mutational spectra: some recommendations for categorical data}",
        Journal   = "Genetics",
        Year      = "1994",
        Volume    = "136",
        Number    = "1",
        Pages     = "403--16",
        Month     = "Jan",
        OPTpmid   = "8138174",
}
@Article{johnson2004selection,
        Author    = "Johnson, Michael and Morris, Shannon and Chen, Aiping and Stavnezer, Ed and Leis, Jonathan",
        Title     = "{Selection of functional mutations in the U5-IR stem and loop regions of the Rous sarcoma virus genome}",
        Journal   = "BMC Biol",
        Year      = "2004",
        Volume    = "2",
        Number    = "1",
        Pages     = "8",
        Month     = "May",
        OPTpmid   = "15153244",
}

@Article{walker1999evolutionary,
        Author    = "Walker, D R and Bond, J P and Tarone, R E and Harris, C C and Makalowski, W and Boguski, M S and Greenblatt, M S",
        Title     = "{Evolutionary conservation and somatic mutation hotspot maps of p53: correlation with p53 protein structural and functional features}",
        Journal   = "Oncogene",
        Year      = "1999",
        Volume    = "18",
        Number    = "1",
        Pages     = "211--8",
        Month     = "Jan",
        OPTpmid   = "9926936",
}


@Article{alper2005tuning,
        Author    = "Alper, Hal and Fischer, Curt and Nevoigt, Elke and Stephanopoulos, Gregory",
        Title     = "{Tuning genetic control through promoter engineering}",
        Journal   = "Proc Natl Acad Sci U S A",
        Year      = "2005",
        Volume    = "102",
        Number    = "36",
        Pages     = "12678--83",
        Month     = "Sep",
        OPTpmid   = "16123130",
}


@Misc{ncbi2005eutils,
  author =       "{Eric Sayers and David Wheeler}",
  title =        "{Building Customized Data Pipelines Using the Entrez Programming Utilities}",
  howpublished = "\url{http://www.ncbi.nlm.nih.gov/books/}",
  month =	 "Accessed in Dec",
  year =         "2005",
  OPTurl =       "http://www.ncbi.nlm.nih.gov/books/",
}

@Misc{omicsdotorg2005website,
  author =       "{Omics.org}",
  title =        "{A site for -omes and -omics in Biotechnology and Bioscience.}",
  howpublished = "\url{http://www.omics.org}",
  month =	 "Dec",
  year =         "2005",
  OPTurl =       "http://www.omics.org",
}

@Misc{dana2005omics,
  author =       "{The computational biology and functional genomics laboratory at
		    the Dana--Farber Cancer Institute and Harvard School of Public
		    Health}",
  title =        "{The -omics revolution count}",
  howpublished = "\url{http://biocomp.dfci.harvard.edu/tgi/omics_count.html}",
  month =	 "Dec",
  year =         "2005",
  OPTurl =       "http://biocomp.dfci.harvard.edu/tgi/omics_count.html",
}

@Misc{cambridge2005omes,
  author =       "{Cambridge Healthtech Insitute}",
  title =        "{-Omes and -omics glossary}",
  howpublished = "\url{http://www.genomicglossaries.com/content/omes.asp}",
  month =	 "Dec",
  year =         "2005",
  OPTurl =       "http://www.genomicglossaries.com/content/omes.asp",
}

@Article{evans2000designer,
	Author    = "Evans, G A",
	Title     = "{Designer science and the "omic" revolution}",
	Journal   = "Nat Biotechnol",
	Year      = "2000",
	Volume    = "18",
	Number    = "2",
	Pages     = "127",
	Month     = "Feb",
	OPTpmid   = "10657071",
}

@Misc{gerstein2005omes,
  author =       "{Gerstein Laboratory, Yale University}",
  title =        "{Omes Table}",
  howpublished = "\url{http://bioinfo.mbb.yale.edu/what-is-it/omes/omes.html}",
  month =	 "Dec",
  year =         "2005",
  OPTurl =       "http://bioinfo.mbb.yale.edu/what-is-it/omes/omes.html",
}

@Book{harrison1998antimicrobial,
  title =        "Antimicrobial Resistance: Issues and Options",
  publisher =    "National Academy Press",
  year =         "1998",
  author =       "Institute of Medicine",
  alteditor =    "Harrison",
}


@Article{brenner2000astral,
	Author    = "Brenner, S E and Koehl, P and Levitt, M",
	Title     = "{The ASTRAL compendium for protein structure and sequence analysis}",
	Journal   = "Nucleic Acids Res",
	Year      = "2000",
	Volume    = "28",
	Number    = "1",
	Pages     = "254--6",
	Month     = "Jan",
	OPTpmid   = "10592239",
}

@Article{murzin1995scop,
	Author    = "Murzin, A G and Brenner, S E and Hubbard, T and Chothia, C",
	Title     = "{SCOP: a structural classification of proteins database for the investigation of sequences and structures}",
	Journal   = "J Mol Biol",
	Year      = "1995",
	Volume    = "247",
	Number    = "4",
	Pages     = "536--40",
	Month     = "Apr",
	OPTpmid   = "7723011",
}

@INPROCEEDINGS{friedman2000using,
 AUTHOR = {Nir Friedman and Michal Linial and Iftach Nachman and Dana Pe'er},
 TITLE = {Using Bayesian networks to analyze expression data},
 BOOKTITLE = {4th Annual International Conference on Computational 
              Molecular Biology (RECOMB 2000)},
  PAGES = {127--135},
 MONTH = {Apr},
  YEAR = {2000},
  URL = {citeseer.ist.psu.edu/friedman99using.html}
}
@article{hartemink2002bayesian,
 author    = {Alexander J. Hartemink and
           David K. Gifford and
            Tommi Jaakkola and
            Richard A. Young},
  title     = {Bayesian Methods for Elucidating Genetic Regulatory Networks.},
  journal   = {IEEE Intelligent Systems},
  volume    = {17},
 number    = {2},
   year      = {2002},
   pages     = {37-43}}
	  
@inproceedings{crisp1999geometric,
 author    = {David J. Crisp and Christopher J. C. Burges},
 title     = {A Geometric Interpretation of v-SVM Classifiers.},
 booktitle = {NIPS},
 year      = {1999},
 pages     = {244-250},
}
@inproceedings{bennett2000duality,
	author = {K. Bennett and E. Bredensteiner},
	title = {Duality and gemoetry in SVMs},
	booktitle = {Proc. of 17th international Conference on Machine Learning},
	year = {2000},
	publisher = {Morgan Kaufmann},
	editor = {P. Langley},
	pages = {65-72}
}

	
@book{cristianini2000introduction,
 author = {Nello Cristianini and John Shawe-Taylor},
 title = {An introduction to support Vector Machines: and other kernel-based learning methods},
 year = {2000},
 isbn = {0-521-78019-5},
 publisher = {Cambridge University Press},
 address = {New York, NY, USA},
}
@book{vapnik1998statistical,
AUTHOR    = {Vapnik, Vladimir N.},
TITLE     = {Statistical learning theory},
SERIES	  = {},
NOTE      = {VAP v 98:1 1.Ex},
YEAR      = {1998},
PUBLISHER = {Wiley},
ISBN	  = {0-471-03003-1},
}

@book{vapnik1995nature,
  author = {Vladimir N. Vapnik},
  title = {The nature of statistical learning theory},
  year = {1995},
  isbn = {0-387-94559-8},
  publisher = {Springer-Verlag New York, Inc.},
  address = {New York, NY, USA},
}


@article{bennett2000support,
    author = "Kristin P. Bennett and Colin Campbell",
    title = "Support Vector Machines: Hype or Hallelujah?",
    journal = "SIGKDD Explorations",
    volume = "2",
    number = "2",
    pages = "1-13",
    year = "2000",
    url = "citeseer.ist.psu.edu/bennett03support.html" }

@misc{heckerman95tutorial,
  author = "D. Heckerman",
  title = "A tutorial on learning with bayesian networks",
  text = "David Heckerman. A tutorial on learning with bayesian networks. Technical
    Report MSR--TR--95--06, Microsoft Research, Redmond, Washington, 1995. Revised
    June 96.",
  year = "1995",
  url = "citeseer.ist.psu.edu/heckerman96tutorial.html"
}

@Article{scott2004predicting,
	Author    = "Scott, Michelle S and Thomas, David Y and Hallett, Michael T",
	Title     = "{Predicting subcellular localization via protein motif co-occurrence}",
	Journal   = "Genome Res",
	Year      = "2004",
	Volume    = "14",
	Number    = "10A",
	Pages     = "1957--66",
	Month     = "Oct",
	OPTpmid   = "15466294",
}

@article{hand2001idiots,
  author =       "D. J. Hand and K. Yu",
  title = "Idiot's Bayes -- not so stupid after all?",
  Journal   = "International Statistical Review",
  year =         "2001",
  volume = "69",
  number = "3",
  pages = {385--399},
}

@inproceedings{john1995estimating,
    author = "George H. John and Pat Langley",
    title = "Estimating Continuous Distributions in {Bayesian} Classifiers",
    pages = "338--345",
    year = "2005",
  booktitle = "Proceedings of the Eleventh Conference on Uncertainty in Artificial Intelligence",
    url = "citeseer.ist.psu.edu/john95estimating.html"
}

@InBook{landwehr2003logistic,
  author =       "N. Landwehr and M. Hall and E. Frank",
  title = "Logistic model trees",
  series =        "Lecture Notes in Artificial Intelligence",
  publisher =    "{Springer--Verlag}",
  year =         "2003",
  OPTeditor = {N. Lavrac, D. Gamberger, H. Blockeel, and L. Todorovski},
  volume = {2837},
  pages = {241--252},
}

@book{witten2005data,
 author = {Ian H. Witten and Eibe Frank},
 title = {Data mining: practical machine learning tools and techniques with Java implementations},
 year = {2005},
 publisher = {Morgan Kaufmann Publishers Inc.},
 address = {San Francisco, CA, USA},
 }

@Book{quinlan1992c4,
  author =       "J. Ross Quinlan",
  title =        "{C4}.5: Programs for Machine Learning",
  publisher =    "Morgan Kaufmann",
  year =         "1992",
 address = {San Francisco, CA, USA},
}

@Article{you2005comprehensive,
	Author    = "You, Liwen and Garwicz, Daniel and R{\"o}gnvaldsson, Thorsteinn",
	Title     = "{Comprehensive bioinformatic analysis of the specificity of human immunodeficiency virus type 1 protease}",
	Journal   = "J Virol",
	Year      = "2005",
	Volume    = "79",
	Number    = "19",
	Pages     = "12477--86",
	Month     = "Oct",
	OPTpmid   = "16160175",
}
@Article{cai1998artificial,
	Author    = "Cai, Y D and Yu, H and Chou, K C",
	Title     = "{Artificial neural network method for predicting HIV protease cleavage sites in protein}",
	Journal   = "J Protein Chem",
	Year      = "1998",
	Volume    = "17",
	Number    = "7",
	Pages     = "607--15",
	Month     = "Oct",
	OPTpmid   = "9853675",
}
@Article{wang2001computational,
	Author    = "Wang, W and Kollman, P A",
	Title     = "{Computational study of protein specificity: the molecular basis of HIV-1 protease drug resistance}",
	Journal   = "Proc Natl Acad Sci U S A",
	Year      = "2001",
	Volume    = "98",
	Number    = "26",
	Pages     = "14937--42",
	Month     = "Dec",
	OPTpmid   = "11752442",
}
@Article{chou1978prediction,
	Author    = "Chou, P Y and Fasman, G D",
	Title     = "{Prediction of the secondary structure of proteins from their amino acid sequence}",
	Journal   = "Adv Enzymol Relat Areas Mol Biol",
	Year      = "1978",
	Volume    = "47",
	OPTNumber = "",
	Pages     = "45--148",
	Month     = "",
	OPTpmid   = "364941",
}

@Article{bigelow1967on,
	Author    = "Bigelow, C C",
	Title     = "{On the average hydrophobicity of proteins and the relation between it and protein structure}",
	Journal   = "J Theor Biol",
	Year      = "1967",
	Volume    = "16",
	Number    = "2",
	Pages     = "187--211",
	Month     = "Aug",
	OPTpmid   = "6048539",
}

@Article{swain1990x-ray,
	Author    = "Swain, A L and Miller, M M and Green, J and Rich, D H and Schneider, J and Kent, S B and Wlodawer, A",
	Title     = "{X-ray crystallographic structure of a complex between a synthetic protease of human immunodeficiency virus 1 and a substrate-based hydroxyethylamine inhibitor}",
	Journal   = "Proc Natl Acad Sci U S A",
	Year      = "1990",
	Volume    = "87",
	Number    = "22",
	Pages     = "8805--9",
	Month     = "Nov",
	OPTpmid   = "2247451",
}
@Article{zhang2003classification,
	Author    = "Zhang, Shao-Wu and Pan, Quan and Zhang, Hong-Cai and Zhang, Yun-Long and Wang, Hai-Yu",
	Title     = "{Classification of protein quaternary structure with support vector machine}",
	Journal   = "Bioinformatics",
	Year      = "2003",
	Volume    = "19",
	Number    = "18",
	Pages     = "2390--6",
	Month     = "Dec",
	OPTpmid   = "14668222",
}
@Article{wang2005protein,
	Author    = "Wang, Jiren and Sung, Wing-Kin and Krishnan, Arun and Li, Kuo-Bin",
	Title     = "{Protein subcellular localization prediction for Gram-negative bacteria using amino acid subalphabets and a combination of multiple support vector machines}",
	Journal   = "BMC Bioinformatics",
	Year      = "2005",
	Volume    = "6",
	OPTNumber = "",
	Pages     = "174",
	Month     = "Jul",
	OPTpmid   = "16011808",
}
@Article{sarda2005pslip,
	Author    = "Sarda, Deepak and Chua, Gek Huey and Li, Kuo-Bin and Krishnan, Arun",
	Title     = "{pSLIP: SVM based protein subcellular localization prediction using multiple physicochemical properties}",
	Journal   = "BMC Bioinformatics",
	Year      = "2005",
	Volume    = "6",
	OPTNumber = "",
	Pages     = "152",
	Month     = "Jun",
	OPTpmid   = "15963230",
}
@Article{mitaku2002amphiphilicity,
	Author    = "Mitaku, Shigeki and Hirokawa, Takatsugu and Tsuji, Toshiyuki",
	Title     = "{Amphiphilicity index of polar amino acids as an aid in the characterization of amino acid preference at membrane-water interfaces}",
	Journal   = "Bioinformatics",
	Year      = "2002",
	Volume    = "18",
	Number    = "4",
	Pages     = "608--16",
	Month     = "Apr",
	OPTpmid   = "12016058",
}
@Article{koehl1999structure-based,
	Author    = "Koehl, P and Levitt, M",
	Title     = "{Structure-based conformational preferences of amino acids}",
	Journal   = "Proc Natl Acad Sci U S A",
	Year      = "1999",
	Volume    = "96",
	Number    = "22",
	Pages     = "12524--9",
	Month     = "Oct",
	OPTpmid   = "10535955",
}
@Article{prabhakaran1990distribution,
	Author    = "Prabhakaran, M",
	Title     = "{The distribution of physical, chemical and conformational properties in signal and nascent peptides}",
	Journal   = "Biochem J",
	Year      = "1990",
	Volume    = "269",
	Number    = "3",
	Pages     = "691--6",
	Month     = "Aug",
	OPTpmid   = "2390062",
}
@Article{fauchere1988amino,
	Author    = "Fauch{\`e}re, J L and Charton, M and Kier, L B and Verloop, A and Pliska, V",
	Title     = "{Amino acid side chain parameters for correlation studies in biology and pharmacology}",
	Journal   = "Int J Pept Protein Res",
	Year      = "1988",
	Volume    = "32",
	Number    = "4",
	Pages     = "269--78",
	Month     = "Oct",
	OPTpmid   = "3209351",
}
@Article{palau1982protein,
	Author    = "Palau, J and Argos, P and Puigdomenech, P",
	Title     = "{Protein secondary structure. Studies on the limits of prediction accuracy}",
	Journal   = "Int J Pept Protein Res",
	Year      = "1982",
	Volume    = "19",
	Number    = "4",
	Pages     = "394--401",
	Month     = "Apr",
	OPTpmid   = "7118409",
}
@Article{robson1976conformational,
	Author    = "Robson, B and Suzuki, E",
	Title     = "{Conformational properties of amino acid residues in globular proteins}",
	Journal   = "J Mol Biol",
	Year      = "1976",
	Volume    = "107",
	Number    = "3",
	Pages     = "327--56",
	Month     = "Nov",
	OPTpmid   = "1003471",
}
@Article{kawashima1999aaindex,
	Author    = "Kawashima, S and Ogata, H and Kanehisa, M",
	Title     = "{AAindex: Amino Acid Index Database}",
	Journal   = "Nucleic Acids Res",
	Year      = "1999",
	Volume    = "27",
	Number    = "1",
	Pages     = "368--9",
	Month     = "Jan",
	OPTpmid   = "9847231",
}
@Article{tomii1996analysis,
	Author    = "Tomii, K and Kanehisa, M",
	Title     = "{Analysis of amino acid indices and mutation matrices for sequence comparison and structure prediction of proteins}",
	Journal   = "Protein Eng",
	Year      = "1996",
	Volume    = "9",
	Number    = "1",
	Pages     = "27--36",
	Month     = "Jan",
	OPTpmid   = "9053899",
}
@Article{nakai1988cluster,
	Author    = "Nakai, K and Kidera, A and Kanehisa, M",
	Title     = "{Cluster analysis of amino acid indices for prediction of protein structure and function}",
	Journal   = "Protein Eng",
	Year      = "1988",
	Volume    = "2",
	Number    = "2",
	Pages     = "93--100",
	Month     = "Jul",
	OPTpmid   = "3244698",
}
@Article{buck2005networks,
	Author    = "Buck, Michael J and Atchley, William R",
	Title     = "{Networks of coevolving sites in structural and functional domains of serpin proteins}",
	Journal   = "Mol Biol Evol",
	Year      = "2005",
	Volume    = "22",
	Number    = "7",
	Pages     = "1627--34",
	Month     = "Jul",
	OPTpmid   = "15858204",
}
@Article{grantham1974amino,
	Author    = "Grantham, R",
	Title     = "{Amino acid difference formula to help explain protein evolution}",
	Journal   = "Science",
	Year      = "1974",
	Volume    = "185",
	Number    = "4154",
	Pages     = "862--4",
	Month     = "Sep",
	OPTpmid   = "4843792",
}

@Article{atchley2005solving,
	Author    = "Atchley, William R and Zhao, Jieping and Fernandes, Andrew D and Dr{\"u}ke, Tanja",
	Title     = "{Solving the protein sequence metric problem}",
	Journal   = "Proc Natl Acad Sci U S A",
	Year      = "2005",
	Volume    = "102",
	Number    = "18",
	Pages     = "6395--400",
	Month     = "May",
	OPTpmid   = "15851683",
}


@Article{robinson2004simple,
	Author    = "Robinson, Andrew J and Love, Christopher G and Batley, Jacqueline and Barker, Gary and Edwards, David",
	Title     = "{Simple sequence repeat marker loci discovery using SSR primer}",
	Journal   = "Bioinformatics",
	Year      = "2004",
	Volume    = "20",
	Number    = "9",
	Pages     = "1475--6",
	Month     = "Jun",
	OPTpmid   = "14962913",
}
@Article{yang2004predicting,
	Author    = "Yang, Zheng Rong and Chou, Kuo-Chen",
	Title     = "{Predicting the linkage sites in glycoproteins using bio-basis function neural network}",
	Journal   = "Bioinformatics",
	Year      = "2004",
	Volume    = "20",
	Number    = "6",
	Pages     = "903--8",
	Month     = "Apr",
	OPTpmid   = "14751965",
}
@Article{narayanan2002mining,
	Author    = "Narayanan, Ajit and Wu, Xikun and Yang, Z Rong",
	Title     = "{Mining viral protease data to extract cleavage knowledge}",
	Journal   = "Bioinformatics",
	Year      = "2002",
	Volume    = "18 Suppl 1",
	OPTNumber = "",
	Pages     = "S5--13",
	Month     = "",
	OPTpmid   = "12169525",
}
@Article{hazebrouck2001local,
	Author    = "Hazebrouck, S and Machtelinckx-Delmas, V and Kupiec, J J and Sonigo, P",
	Title     = "{Local and spatial factors determining HIV-1 protease substrate recognition}",
	Journal   = "Biochem J",
	Year      = "2001",
	Volume    = "358",
	Number    = "Pt 2",
	Pages     = "505--10",
	Month     = "Sep",
	OPTpmid   = "11513751",
}
@Article{clemente2004comparing,
	Author    = "Clemente, Jos{\'e} C and Moose, Rebecca E and Hemrajani, Reena and Whitford, Lisa R S and Govindasamy, Lakshmanan and Reutzel, Robbie and McKenna, Robert and Agbandje-McKenna, Mavis and Goodenow, Maureen M and Dunn, Ben M",
	Title     = "{Comparing the accumulation of active- and nonactive-site mutations in the HIV-1 protease}",
	Journal   = "Biochemistry",
	Year      = "2004",
	Volume    = "43",
	Number    = "38",
	Pages     = "12141--51",
	Month     = "Sep",
	OPTpmid   = "15379553",
}
@Article{de2003variability,
	Author    = "de Oliveira, Tulio and Engelbrecht, Susan and Janse van Rensburg, Estrelita and Gordon, Michelle and Bishop, Karen and zur Megede, Jan and Barnett, Susan W and Cassol, Sharon",
	Title     = "{Variability at human immunodeficiency virus type 1 subtype C protease cleavage sites: an indication of viral fitness?}",
	Journal   = "J Virol",
	Year      = "2003",
	Volume    = "77",
	Number    = "17",
	Pages     = "9422--30",
	Month     = "Sep",
	OPTpmid   = "12915557",
}
@Article{brown2000knowledge-based,
	Author    = "Brown, M P and Grundy, W N and Lin, D and Cristianini, N and Sugnet, C W and Furey, T S and Ares, M and Haussler, D",
	Title     = "{Knowledge-based analysis of microarray gene expression data by using support vector machines}",
	Journal   = "Proc Natl Acad Sci U S A",
	Year      = "2000",
	Volume    = "97",
	Number    = "1",
	Pages     = "262--7",
	Month     = "Jan",
	OPTpmid   = "10618406",
}
@Article{callebaut1996inhibition,
	Author    = "Callebaut, C and Jacotot, E and Guichard, G and Krust, B and Rey-Cuille, M and Cointe, D and Benkirane, N and Blanco, J and Muller, S and Briand, J and Hovanessian, A G",
	Title     = "{Inhibition of HIV infection by pseudopeptides blocking viral envelope glycoprotein-mediated membrane fusion and cell death}",
	Journal   = "Virology",
	Year      = "1996",
	Volume    = "218",
	Number    = "1",
	Pages     = "181--92",
	Month     = "Apr",
	OPTpmid   = "8615021",
}
@Article{chou1996prediction,
	Author    = "Chou, K C",
	Title     = "{Prediction of human immunodeficiency virus protease cleavage sites in proteins}",
	Journal   = "Anal Biochem",
	Year      = "1996",
	Volume    = "233",
	Number    = "1",
	Pages     = "1--14",
	Month     = "Jan",
	OPTpmid   = "8789141",
}


@Article{bagossi2005amino,
author = "Bagossi, P and Sperka, T and Feh{\'e}r, A and K{\'a}das, J and Zahuczky, G and Mikl{\'o}ssy, G and Boross, P and T{\"o}zs{\'e}r, J",
title = "{Amino acid preferences for a critical substrate binding subsite of retroviral proteases in type 1 cleavage sites}",
journal = "J Virol",
year = "2005",
volume = "79",
number = "7",
pages = "4213-4218",
month = "Apr",
pmid = "15767422",
url = "http://www.hubmed.org/display.cgi?uids=15767422"
}
@Article{beck2000identification,
author = "Beck, ZQ and Hervio, L and Dawson, PE and Elder, JH and Madison, EL",
title = "{Identification of efficiently cleaved substrates for HIV-1 protease using a phage display library and use in inhibitor development}",
journal = "Virology",
year = "2000",
volume = "274",
number = "2",
pages = "391-401",
month = "Sep",
pmid = "10964781",
url = "http://www.hubmed.org/display.cgi?uids=10964781"
}
@Article{beck2001molecular,
author = "Beck, ZQ and Lin, YC and Elder, JH",
title = "{Molecular basis for the relative substrate specificity of human immunodeficiency virus type 1 and feline immunodeficiency virus proteases}",
journal = "J Virol",
year = "2001",
volume = "75",
number = "19",
pages = "9458-9469",
month = "Oct",
pmid = "11533208",
url = "http://www.hubmed.org/display.cgi?uids=11533208"
}
@Article{beck2002defining,
author = "Beck, ZQ and Morris, GM and Elder, JH",
title = "{Defining HIV-1 protease substrate selectivity}",
journal = "Curr Drug Targets Infect Disord",
year = "2002",
volume = "2",
number = "1",
pages = "37-50",
month = "Mar",
pmid = "12462152",
url = "http://www.hubmed.org/display.cgi?uids=12462152"
}
@Article{boden1998resistance,
author = "Boden, D and Markowitz, M",
title = "{Resistance to human immunodeficiency virus type 1 protease inhibitors}",
journal = "Antimicrob Agents Chemother",
year = "1998",
volume = "42",
number = "11",
pages = "2775-2783",
month = "Nov",
pmid = "9797203",
url = "http://www.hubmed.org/display.cgi?uids=9797203"
}
@Article{bouzide2005lysine,
author = "Bouzide, A and Sauv{\'e}, G and Yelle, J",
title = "{Lysine derivatives as potent HIV protease inhibitors. Discovery, synthesis and structure-activity relationship studies}",
journal = "Bioorg Med Chem Lett",
year = "2005",
volume = "15",
number = "5",
pages = "1509-1513",
month = "Mar",
pmid = "15713418",
url = "http://www.hubmed.org/display.cgi?uids=15713418"
}
@Article{brik2003hiv,
author = "Brik, A and Wong, CH",
title = "{HIV-1 protease: mechanism and drug discovery}",
journal = "Org Biomol Chem",
year = "2003",
volume = "1",
number = "1",
pages = "5-14",
month = "Jan",
pmid = "12929379",
url = "http://www.hubmed.org/display.cgi?uids=12929379"
}


@Article{pearson1990rapid,
        Author    = "Pearson, W R",
        Title     = "{Rapid and sensitive sequence comparison with FASTP and FASTA}",
        Journal   = "Methods Enzymol",
        Year      = "1990",
        Volume    = "183",
        OPTNumber = "",
        Pages     = "63--98",
        Month     = "",
        OPTpmid   = "2156132",
}

@Article{pearson1991searching,
        Author    = "Pearson, W R",
        Title     = "{Searching protein sequence libraries: comparison of the sensitivity and selectivity of the Smith-Waterman and FASTA algorithms}",
        Journal   = "Genomics",
        Year      = "1991",
        Volume    = "11",
        Number    = "3",
        Pages     = "635--50",
        Month     = "Nov",
        OPTpmid   = "1774068",
}

@Article{sutormin2003batmas,
        Author    = "Sutormin, Roman A and Rakhmaninova, Aleksandra B and Gelfand, Mikhail S",
        Title     = "{BATMAS30: amino acid substitution matrix for alignment of bacterial transporters}",
        Journal   = "Proteins",
        Year      = "2003",
        Volume    = "51",
        Number    = "1",
        Pages     = "85--95",
        Month     = "Apr",
        OPTpmid   = "12596266",
}


@Misc{cocks2003compositions,
  author =	 "Cocks, Benjamin G. and Stuart, Susan G. and Seilhamer, Jeffrey J.",
  title =        "{Compositions for the detection of blood cell and immunological response gene expression}",
  howpublished = "U.S. Patent No.\ 6,607,879",
  year =         "2003",
}
@Misc{ncbi2005mapviewer,
  author =       "{National Center for Biotechnology Information}",
  title =        "{NCBI Map Viewer}",
  howpublished = "\url{http://www.ncbi.nlm.nih.gov/mapview/}",
  month =	 "Apr",
  year =         "2005",
  OPTurl =       "http://www.ncbi.nlm.nih.gov/mapview/",
}
@Misc{uspto2005fulltext,
  author =       "{United States Patent and Trademark Office}",
  title =        "{Patent Full--Text and Full--Page Image Databases}",
  howpublished = "\url{http://www.uspto.gov/patft/index.html}",
  month =	 "Apr",
  year =         "2005",
  OPTurl =       "http://www.uspto.gov/patft/index.html",
}
@Misc{cfr2005sequence,
  author =       "",
  title =        "",
  howpublished = "37 C.F.R \S1.821",
  year =         "2005",
}

@Misc{epo2005inpadoc,
  author =       "{European Patent Office}",
  title =        "{INPADOC}",
  howpublished = "\url{http://www.european-patent-office.org/inpadoc/}",
  month =	 "Jul",
  year =         "2005",
  OPTurl =       "http://www.european-patent-office.org/inpadoc/",
}

@Article{goldstein2002human,
        Author    = "Goldstein, Jorge A and Golod, Elina",
        Title     = "{Human gene patents}",
        Journal   = "Acad Med",
        Year      = "2002",
        Volume    = "77",
        Number    = "12 Pt 2",
        Pages     = "1315--28",
        Month     = "Dec",
        OPTpmid   = "12480642",
}


@Article{schena1995quantitative,
        Author    = "Schena, M and Shalon, D and Davis, R W and Brown, P O",
        Title     = "{Quantitative monitoring of gene expression patterns with a complementary DNA microarray}",
        Journal   = "Science",
        Year      = "1995",
        Volume    = "270",
        Number    = "5235",
        Pages     = "467--70",
        Month     = "Oct",
        OPTpmid   = "7569999",
}


@Article{anderson1981shotgun,
        Author    = "Anderson, S",
        Title     = "{Shotgun DNA sequencing using cloned DNase I-generated fragments}",
        Journal   = "Nucleic Acids Res",
        Year      = "1981",
        Volume    = "9",
        Number    = "13",
        Pages     = "3015--27",
        Month     = "Jul",
        OPTpmid   = "6269069",
}


@Article{putney1983new,
        Author    = "Putney, S D and Herlihy, W C and Schimmel, P",
        Title     = "{A new troponin T and cDNA clones for 13 different muscle proteins, found by shotgun sequencing}",
        Journal   = "Nature",
        Year      = "1983",
        Volume    = "302",
        Number    = "5910",
        Pages     = "718--21",
        Month     = "Apr",
        OPTpmid   = "6687628",
}


@misc{pevzner2001dataset,
	author = {Pavel Pevzner and Sing-Hoi Sze},
	howpublished = {private communication},
	year = {2001}
}

@article{maier1978complexity,
	author    = {David Maier},
	title     = {The Complexity of Some Problems on Subsequences and Supersequences},
	journal   = {J. ACM},
	volume    = {25},
	number    = {2},
	year      = {1978},
	pages     = {322-336},
}

% 0411011 (JID)
@Article{salgado2004regulondb,
	Author="Salgado, Heladia and Gama-Castro, Socorro and Martinez-Antonio, Agustino and Diaz-Peredo, Edgar and Sanchez-Solano, Fabiola and Peralta-Gil, Martin and Garcia-Alonso, Delfino and Jimenez-Jacinto, Veronica and Santos-Zavaleta, Alberto and Bonavides-Martinez, Cesar and Collado-Vides, Julio",
	Title="{RegulonDB (version 4.0): transcriptional regulation, operon organization and growth conditions in Escherichia coli K-12}",
	Journal="Nucleic Acids Res",
	Year="2004",
	Volume="32",
	Number="Database issue",
	Pages="303--306",
	Month="Jan"
}

@Article{snyder2003genomics.,
	Author    = "Snyder, Michael and Gerstein, Mark",
	Title     = "{Genomics. Defining genes in the genomics era}",
	Journal   = "Science",
	Year      = "2003",
	Volume    = "300",
	Number    = "5617",
	Pages     = "258--60",
	Month     = "Apr",
	OPTpmid   = "12690176",
}
@Article{cirino2003generating,
	Author    = "Cirino, Patrick C and Mayer, Kimberly M and Umeno, Daisuke",
	Title     = "{Generating mutant libraries using error-prone PCR}",
	Journal   = "Methods Mol Biol",
	Year      = "2003",
	Volume    = "231",
	OPTNumber = "",
	Pages     = "3--9",
	Month     = "",
	OPTpmid   = "12824595",
}
@Article{solem2002modulation,
	Author    = "Solem, Christian and Jensen, Peter Ruhdal",
	Title     = "{Modulation of gene expression made easy}",
	Journal   = "Appl Environ Microbiol",
	Year      = "2002",
	Volume    = "68",
	Number    = "5",
	Pages     = "2397--403",
	Month     = "May",
	OPTpmid   = "11976114",
}

@Article{salles2005new,
	Author    = "Meynial-Salles, Isabelle and Cervin, Marguerite A and Soucaille, Philippe",
	Title     = "{New tool for metabolic pathway engineering in Escherichia coli: one-step method to modulate expression of chromosomal genes}",
	Journal   = "Appl Environ Microbiol",
	Year      = "2005",
	Volume    = "71",
	Number    = "4",
	Pages     = "2140--4",
	Month     = "Apr",
	OPTpmid   = "15812048",
}

@Article{lutz1997independent,
	Author    = "Lutz, R and Bujard, H",
	Title     = "{Independent and tight regulation of transcriptional units in Escherichia coli via the LacR/O, the TetR/O and AraC/I1-I2 regulatory elements}",
	Journal   = "Nucleic Acids Res",
	Year      = "1997",
	Volume    = "25",
	Number    = "6",
	Pages     = "1203--10",
	Month     = "Mar",
	OPTpmid   = "9092630",
}

@Article{giladi1996identification,
	Author    = "Giladi, H and Murakami, K and Ishihama, A and Oppenheim, A B",
	Title     = "{Identification of an UP element within the IHF binding site at the PL1-PL2 tandem promoter of bacteriophage lambda}",
	Journal   = "J Mol Biol",
	Year      = "1996",
	Volume    = "260",
	Number    = "4",
	Pages     = "484--91",
	Month     = "Jul",
	OPTpmid   = "8759315",
}


% 7502021 (JID)
@Article{jensen1998artificial,
   Author="Jensen, P R and Hammer, K",
   Title="{Artificial promoters for metabolic optimization}",
   Journal="Biotechnol Bioeng",
   Year="1998",
   Volume="58",
   Number="2-3",
   Pages="191--195",
   Month="Apr",
   OPTpmid="10191389",
}

@Article{kagiya2005generation,
	Author    = "Kagiya, Go and Ogawa, Ryohei and Hatashita, Masanori and Takagi, Keiichi and Kodaki, Tsutomu and Hiroishi, Shingo and Yamamoto, Kazutaka",
	Title     = "{Generation of a strong promoter for Escherichia coli from eukaryotic genome DNA}",
	Journal   = "J Biotechnol",
	Year      = "2005",
	Volume    = "115",
	Number    = "3",
	Pages     = "239--48",
	Month     = "Feb",
	OPTpmid   = "15639086",
}
@Article{remans2005functional,
	Author    = "Remans, Tony and Grof, Christopher P L and Ebert, Paul R and Schenk, Peer M",
	Title     = "{Functional promoter analysis using an approach based on an in vitro evolution strategy}",
	Journal   = "Biotechniques",
	Year      = "2005",
	Volume    = "38",
	Number    = "2",
	Pages     = "209--10, 212, 214-6",
	Month     = "Feb",
	OPTpmid   = "15727127",
}

@Article{li2001clustering,
	Author    = "Li, W and Jaroszewski, L and Godzik, A",
	Title     = "{Clustering of highly homologous sequences to reduce the size of large protein databases}",
	Journal   = "Bioinformatics",
	Year      = "2001",
	Volume    = "17",
	Number    = "3",
	Pages     = "282--3",
	Month     = "Mar",
	OPTpmid   = "11294794",
}

@Article{prakash2005statistics,
	Author    = "Prakash, Amol and Tompa, Martin",
	Title     = "{Statistics of local multiple alignments}",
	Journal   = "Bioinformatics",
	Year      = "2005",
	Volume    = "21 Suppl 1",
	OPTNumber = "",
	Pages     = "i344--i350",
	Month     = "Jun",
	OPTpmid   = "15961477",
}

% 9604648 (JID)
@Article{tompa2005assessing,
   Author="Tompa, Martin and Li, Nan and Bailey, Timothy L and Church, George M and De Moor, Bart and Eskin, Eleazar and Favorov, Alexander V and Frith, Martin C and Fu, Yutao and Kent, W James and Makeev, Vsevolod J and Mironov, Andrei A and Noble, William Stafford and Pavesi, Giulio and Pesole, Graziano and Regnier, Mireille and Simonis, Nicolas and Sinha, Saurabh and Thijs, Gert and van Helden, Jacques and Vandenbogaert, Mathias and Weng, Zhiping and Workman, Christopher and Ye, Chun and Zhu, Zhou",
   Title="{Assessing computational tools for the discovery of transcription factor binding sites}",
   Journal="Nat Biotechnol",
   Year="2005",
   Volume="23",
   Number="1",
   Pages="137--144",
   Month="Jan"
}

@Article{shapiro2004foldminer,
	Author    = "Shapiro, Jessica and Brutlag, Douglas",
	Title     = "{FoldMiner and LOCK 2: protein structure comparison and motif discovery on the web}",
	Journal   = "Nucleic Acids Res",
	Year      = "2004",
	Volume    = "32",
	Number    = "Web Server issue",
	Pages     = "W536--41",
	Month     = "Jul",
	OPTpmid   = "15215444",
}

@Article{shapiro2004foldminer,
	Author    = "Shapiro, Jessica and Brutlag, Douglas",
	Title     = "{FoldMiner: structural motif discovery using an improved superposition algorithm}",
	Journal   = "Protein Sci",
	Year      = "2004",
	Volume    = "13",
	Number    = "1",
	Pages     = "278--94",
	Month     = "Jan",
	OPTpmid   = "14691242",
}
@Article{kolodny2005comprehensive,
	Author    = "Kolodny, Rachel and Koehl, Patrice and Levitt, Michael",
	Title     = "{Comprehensive evaluation of protein structure alignment methods: scoring by geometric measures}",
	Journal   = "J Mol Biol",
	Year      = "2005",
	Volume    = "346",
	Number    = "4",
	Pages     = "1173--88",
	Month     = "Mar",
	OPTpmid   = "15701525",
}

@Article{rouse2005patgen,
	Author    = "Rouse, Richard J D and Castagnetto, Jesus and Niedner, Roland H",
	Title     = "{PatGen--a consolidated resource for searching genetic patent sequences}",
	Journal   = "Bioinformatics",
	Year      = "2005",
	Volume    = "21",
	Number    = "8",
	Pages     = "1707--8",
	Month     = "Apr",
	OPTpmid   = "15728120",
}

@Article{dodd2002action,
        Author    = "Dodd, Ian B and Egan, J Barry",
        Title     = "{Action at a distance in CI repressor regulation of the bacteriophage 186 genetic switch}",
        Journal   = "Mol Microbiol",
        Year      = "2002",
        Volume    = "45",
        Number    = "3",
        Pages     = "697--710",
        Month     = "Aug",
        OPTpmid   = "12139616",
}


@Article{giladi1998participation,
        Author    = "Giladi, H and Koby, S and Prag, G and Engelhorn, M and Geiselmann, J and Oppenheim, A B",
        Title     = "{Participation of IHF and a distant UP element in the stimulation of the phage lambda PL promoter}",
        Journal   = "Mol Microbiol",
        Year      = "1998",
        Volume    = "30",
        Number    = "2",
        Pages     = "443--51",
        Month     = "Oct",
        OPTpmid   = "9791187",
}

@Article{baneyx1999recombinant,
        Author    = "Baneyx, F",
        Title     = "{Recombinant protein expression in Escherichia coli}",
        Journal   = "Curr Opin Biotechnol",
        Year      = "1999",
        Volume    = "10",
        Number    = "5",
        Pages     = "411--21",
        Month     = "Oct",
        OPTpmid   = "10508629",
}


@Article{kedzierska2004role,
        Author    = "Kedzierska, Barbara and Lee, David J and Wegrzyn, Grzegorz and Busby, Stephen J W and Thomas, Mark S",
        Title     = "{Role of the RNA polymerase alpha subunits in CII-dependent activation of the bacteriophage lambda pE promoter: identification of important residues and positioning of the alpha C-terminal domains}",
        Journal   = "Nucleic Acids Res",
        Year      = "2004",
        Volume    = "32",
        Number    = "2",
        Pages     = "834--41",
        Month     = "",
        OPTpmid   = "14762211",
}


@Article{giladi1995enhanced,
        Author    = "Giladi, H and Goldenberg, D and Koby, S and Oppenheim, A B",
        Title     = "{Enhanced activity of the bacteriophage lambda PL promoter at low temperature}",
        Journal   = "Proc Natl Acad Sci U S A",
        Year      = "1995",
        Volume    = "92",
        Number    = "6",
        Pages     = "2184--8",
        Month     = "Mar",
        OPTpmid   = "7892244",
}


@Article{hamosh2005online,
        Author    = "Hamosh, Ada and Scott, Alan F and Amberger, Joanna S and Bocchini, Carol A and McKusick, Victor A",
        Title     = "{Online Mendelian Inheritance in Man (OMIM), a knowledgebase of human genes and genetic disorders}",
        Journal   = "Nucleic Acids Res",
        Year      = "2005",
        Volume    = "33 Database Issue",
        OPTNumber = "",
        Pages     = "D514--7",
        Month     = "Jan",
        OPTpmid   = "15608251",
}


@Article{futreal2004census,
        Author    = "Futreal, P Andrew and Coin, Lachlan and Marshall, Mhairi and Down, Thomas and Hubbard, Timothy and Wooster, Richard and Rahman, Nazneen and Stratton, Michael R",
        Title     = "{A census of human cancer genes}",
        Journal   = "Nat Rev Cancer",
        Year      = "2004",
        Volume    = "4",
        Number    = "3",
        Pages     = "177--83",
        Month     = "Mar",
        OPTpmid   = "14993899",
}


@Unpublished{uspto2005personal,
  author =      {Office of Public Affairs},
  title =       {{U.S. Patent and Trademark Office}},
  note =     {{Personal communication}},
  month =    {February},
  year =        {2005},
}

@Article{marshall1997companies,
        Author    = "Marshall, E",
        Title     = "{Companies rush to patent DNA}",
        Journal   = "Science",
        Year      = "1997",
        Volume    = "275",
        Number    = "5301",
        Pages     = "780--1",
        Month     = "Feb",
        OPTpmid   = "9036542",
}


@Article{henry2002genetics,
        Author    = "Henry, Michelle R and Cho, Mildred K and Weaver, Meredith A and Merz, Jon F",
        Title     = "{Genetics. DNA patenting and licensing}",
        Journal   = "Science",
        Year      = "2002",
        Volume    = "297",
        Number    = "5585",
        Pages     = "1279",
        Month     = "Aug",
        OPTpmid   = "12193770",
}


@Article{walsh2003science,
        Author    = "Walsh, John P and Cohen, Wesley M and Arora, Ashish",
        Title     = "{Science and the law. Working through the patent problem}",
        Journal   = "Science",
        Year      = "2003",
        Volume    = "299",
        Number    = "5609",
        Pages     = "1021",
        Month     = "Feb",
        OPTpmid   = "12586928",
}


@Article{paradise2005intellectual,
        Author    = "Paradise, Jordan and Andrews, Lori and Holbrook, Timothy",
        Title     = "{Intellectual property. Patents on human genes: an analysis of scope and claims}",
        Journal   = "Science",
        Year      = "2005",
        Volume    = "307",
        Number    = "5715",
        Pages     = "1566--7",
        Month     = "Mar",
        OPTpmid   = "15761140",
}
@Article{andrews2005gene,
        Author    = "Andrews, Lori B and Paradise, Jordan",
        Title     = "{Gene patents: the need for bioethics scrutiny and legal change}",
        Journal   = "Yale J Health Policy Law Ethics",
        Year      = "2005",
        Volume    = "5",
        Number    = "1",
        Pages     = "403--12",
        Month     = "",
        OPTpmid   = "15742584",
}


@Article{caltrider2003lilly,
        Author    = "Caltrider, Steven P and Kelley, James J",
        Title     = "{The `Lilly doctrine' is viable and critical}",
        Journal   = "Nat Biotechnol",
        Year      = "2003",
        Volume    = "21",
        Number    = "10",
        Pages     = "1131--2",
        Month     = "Oct",
        OPTpmid   = "14520388",
}

@Article{flattmann2001patenting,
        Author    = "Flattmann, G J and Kaplan, J M",
        Title     = "{Patenting expressed sequence tags and single nucleotide polymorphisms}",
        Journal   = "Nat Biotechnol",
        Year      = "2001",
        Volume    = "19",
        Number    = "7",
        Pages     = "683--4",
        Month     = "Jul",
        OPTpmid   = "11433286",
}


@Article{locke2000when,
        Author    = "Locke, S D and Kalow, D A",
        Title     = "{When the human genome project and state street collide}",
        Journal   = "Nat Biotechnol",
        Year      = "2000",
        Volume    = "18",
        Number    = "9",
        Pages     = "1009--10",
        Month     = "Sep",
        OPTpmid   = "10973226",
}


@Article{hollon2000gene,
        Author    = "Hollon, T",
        Title     = "{Gene patent revisions to remove some controversies}",
        Journal   = "Nat Med",
        Year      = "2000",
        Volume    = "6",
        Number    = "4",
        Pages     = "362--3",
        Month     = "Apr",
        OPTpmid   = "10742123",
}


@Misc{young1995patent,
  author =       "Young, Donald A and {O'Banion}, Michael K and Winn, Virginia D",
  title =        "{U.S. Patent 6,048,850}",
  year =         "2000",
}

@Misc{usfc1997reagents,
  author =       "",
  title =        "{Reagents of the University of California v.\ Eli Lilly \& Co.}",
  howpublished = "119 F.3d 1559",
  year =         "Fed.\ Cir.\ 1997",
}

@Misc{usfc2004university,
  author =       "",
  title =        "{University of Rochester v. G.D. Searle \& Co.}",
  howpublished = "Case No.\ 03-1304",
  year =         "Fed.\ Cir.\ 2004",
}

@Article{merz2002diagnostic,
        Author    = "Merz, Jon F and Kriss, Antigone G and Leonard, Debra G B and Cho, Mildred K",
        Title     = "{Diagnostic testing fails the test}",
        Journal   = "Nature",
        Year      = "2002",
        Volume    = "415",
        Number    = "6872",
        Pages     = "577--9",
        Month     = "Feb",
        OPTpmid   = "11832913",
}


@Article{matthijs2002european,
        Author    = "Matthijs, Gert and Halley, Dicky",
        Title     = "{European-wide opposition against the breast cancer gene patents}",
        Journal   = "Eur J Hum Genet",
        Year      = "2002",
        Volume    = "10",
        Number    = "12",
        Pages     = "783--5",
        Month     = "Dec",
        OPTpmid   = "12461683",
}

@Misc{nih2004intellectual,
  author =       "{National Institute of Health}",
  title =        "{Intellectual Property Rights in Genetics and Genomics RFA-HG-04-004}",
  howpublished = "\url{http://grants2.nih.gov/grants/guide/rfa-files/RFA-HG-04-004.html}",
  month =	 "Jun",
  year =         "2004",
  OPTurl =       "http://grants2.nih.gov/grants/guide/rfa-files/RFA-HG-04-004.html",
}




@Article{zinder1993patenting,
        Author    = "Zinder, N D",
        Title     = "{Patenting cDNA 1993: efforts and happenings}",
        Journal   = "Gene",
        Year      = "1993",
        Volume    = "135",
        Number    = "1--2",
        Pages     = "295--8",
        Month     = "Dec",
        OPTpmid   = "8276271",
}

@techreport{ota1994human,
    author = "{Office of Technology Assessment}",
    title = "{The Human Genome Project and Patenting DNA Sequences}",
    OPTnumber = "SFI-TR-95-02-010",
    institution   = "U.S. Congress",
    address = "Washington, DC",
    year = "1994",
    OPTurl = "http://www.georgetown.edu/research/nrcbl/documents/dnapatents/"
}

% 0404511 (JID)
@Article{venter2001sequence,
   Author="Venter, J C and Adams, M D and Myers, E W and Li, P W and Mural, R J and Sutton, G G and Smith, H O and Yandell, M and Evans, C A and Holt, R A and Gocayne, J D and Amanatides, P and Ballew, R M and Huson, D H and Wortman, J R and Zhang, Q and Kodira, C D and Zheng, X H and Chen, L and Skupski, M and Subramanian, G and Thomas, P D and Zhang, J and Gabor Miklos, G L and Nelson, C and Broder, S and Clark, A G and Nadeau, J and McKusick, V A and Zinder, N and Levine, A J and Roberts, R J and Simon, M and Slayman, C and Hunkapiller, M and Bolanos, R and Delcher, A and Dew, I and Fasulo, D and Flanigan, M and Florea, L and Halpern, A and Hannenhalli, S and Kravitz, S and Levy, S and Mobarry, C and Reinert, K and Remington, K and Abu-Threideh, J and Beasley, E and Biddick, K and Bonazzi, V and Brandon, R and Cargill, M and Chandramouliswaran, I and Charlab, R and Chaturvedi, K and Deng, Z and Di Francesco, V and Dunn, P and Eilbeck, K and Evangelista, C and Gabrielian, A E and Gan, W and Ge, W and Gong, F and Gu, Z and Guan, P and Heiman, T J and Higgins, M E and Ji, R R and Ke, Z and Ketchum, K A and Lai, Z and Lei, Y and Li, Z and Li, J and Liang, Y and Lin, X and Lu, F and Merkulov, G V and Milshina, N and Moore, H M and Naik, A K and Narayan, V A and Neelam, B and Nusskern, D and Rusch, D B and Salzberg, S and Shao, W and Shue, B and Sun, J and Wang, Z and Wang, A and Wang, X and Wang, J and Wei, M and Wides, R and Xiao, C and Yan, C and Yao, A and Ye, J and Zhan, M and Zhang, W and Zhang, H and Zhao, Q and Zheng, L and Zhong, F and Zhong, W and Zhu, S and Zhao, S and Gilbert, D and Baumhueter, S and Spier, G and Carter, C and Cravchik, A and Woodage, T and Ali, F and An, H and Awe, A and Baldwin, D and Baden, H and Barnstead, M and Barrow, I and Beeson, K and Busam, D and Carver, A and Center, A and Cheng, M L and Curry, L and Danaher, S and Davenport, L and Desilets, R and Dietz, S and Dodson, K and Doup, L and Ferriera, S and Garg, N and Gluecksmann, A and Hart, B and Haynes, J and Haynes, C and Heiner, C and Hladun, S and Hostin, D and Houck, J and Howland, T and Ibegwam, C and Johnson, J and Kalush, F and Kline, L and Koduru, S and Love, A and Mann, F and May, D and McCawley, S and McIntosh, T and McMullen, I and Moy, M and Moy, L and Murphy, B and Nelson, K and Pfannkoch, C and Pratts, E and Puri, V and Qureshi, H and Reardon, M and Rodriguez, R and Rogers, Y H and Romblad, D and Ruhfel, B and Scott, R and Sitter, C and Smallwood, M and Stewart, E and Strong, R and Suh, E and Thomas, R and Tint, N N and Tse, S and Vech, C and Wang, G and Wetter, J and Williams, S and Williams, M and Windsor, S and Winn-Deen, E and Wolfe, K and Zaveri, J and Zaveri, K and Abril, J F and Guigo, R and Campbell, M J and Sjolander, K V and Karlak, B and Kejariwal, A and Mi, H and Lazareva, B and Hatton, T and Narechania, A and Diemer, K and Muruganujan, A and Guo, N and Sato, S and Bafna, V and Istrail, S and Lippert, R and Schwartz, R and Walenz, B and Yooseph, S and Allen, D and Basu, A and Baxendale, J and Blick, L and Caminha, M and Carnes-Stine, J and Caulk, P and Chiang, Y H and Coyne, M and Dahlke, C and Mays, A and Dombroski, M and Donnelly, M and Ely, D and Esparham, S and Fosler, C and Gire, H and Glanowski, S and Glasser, K and Glodek, A and Gorokhov, M and Graham, K and Gropman, B and Harris, M and Heil, J and Henderson, S and Hoover, J and Jennings, D and Jordan, C and Jordan, J and Kasha, J and Kagan, L and Kraft, C and Levitsky, A and Lewis, M and Liu, X and Lopez, J and Ma, D and Majoros, W and McDaniel, J and Murphy, S and Newman, M and Nguyen, T and Nguyen, N and Nodell, M and Pan, S and Peck, J and Peterson, M and Rowe, W and Sanders, R and Scott, J and Simpson, M and Smith, T and Sprague, A and Stockwell, T and Turner, R and Venter, E and Wang, M and Wen, M and Wu, D and Wu, M and Xia, A and Zandieh, A and Zhu, X",
   Title="{The sequence of the human genome}",
   Journal="Science",
   Year="2001",
   Volume="291",
   Number="5507",
   Pages="1304--1351",
   Month="Feb",
    OPTpmid="11181995"
}

@Article{lander2001initial,
   Author="Lander, E S and Linton, L M and Birren, B and Nusbaum, C and Zody, M C and Baldwin, J and Devon, K and Dewar, K and Doyle, M and FitzHugh, W and Funke, R and Gage, D and Harris, K and Heaford, A and Howland, J and Kann, L and Lehoczky, J and LeVine, R and McEwan, P and McKernan, K and Meldrim, J and Mesirov, J P and Miranda, C and Morris, W and Naylor, J and Raymond, C and Rosetti, M and Santos, R and Sheridan, A and Sougnez, C and Stange-Thomann, N and Stojanovic, N and Subramanian, A and Wyman, D and Rogers, J and Sulston, J and Ainscough, R and Beck, S and Bentley, D and Burton, J and Clee, C and Carter, N and Coulson, A and Deadman, R and Deloukas, P and Dunham, A and Dunham, I and Durbin, R and French, L and Grafham, D and Gregory, S and Hubbard, T and Humphray, S and Hunt, A and Jones, M and Lloyd, C and McMurray, A and Matthews, L and Mercer, S and Milne, S and Mullikin, J C and Mungall, A and Plumb, R and Ross, M and Shownkeen, R and Sims, S and Waterston, R H and Wilson, R K and Hillier, L W and McPherson, J D and Marra, M A and Mardis, E R and Fulton, L A and Chinwalla, A T and Pepin, K H and Gish, W R and Chissoe, S L and Wendl, M C and Delehaunty, K D and Miner, T L and Delehaunty, A and Kramer, J B and Cook, L L and Fulton, R S and Johnson, D L and Minx, P J and Clifton, S W and Hawkins, T and Branscomb, E and Predki, P and Richardson, P and Wenning, S and Slezak, T and Doggett, N and Cheng, J F and Olsen, A and Lucas, S and Elkin, C and Uberbacher, E and Frazier, M and Gibbs, R A and Muzny, D M and Scherer, S E and Bouck, J B and Sodergren, E J and Worley, K C and Rives, C M and Gorrell, J H and Metzker, M L and Naylor, S L and Kucherlapati, R S and Nelson, D L and Weinstock, G M and Sakaki, Y and Fujiyama, A and Hattori, M and Yada, T and Toyoda, A and Itoh, T and Kawagoe, C and Watanabe, H and Totoki, Y and Taylor, T and Weissenbach, J and Heilig, R and Saurin, W and Artiguenave, F and Brottier, P and Bruls, T and Pelletier, E and Robert, C and Wincker, P and Smith, D R and Doucette-Stamm, L and Rubenfield, M and Weinstock, K and Lee, H M and Dubois, J and Rosenthal, A and Platzer, M and Nyakatura, G and Taudien, S and Rump, A and Yang, H and Yu, J and Wang, J and Huang, G and Gu, J and Hood, L and Rowen, L and Madan, A and Qin, S and Davis, R W and Federspiel, N A and Abola, A P and Proctor, M J and Myers, R M and Schmutz, J and Dickson, M and Grimwood, J and Cox, D R and Olson, M V and Kaul, R and Raymond, C and Shimizu, N and Kawasaki, K and Minoshima, S and Evans, G A and Athanasiou, M and Schultz, R and Roe, B A and Chen, F and Pan, H and Ramser, J and Lehrach, H and Reinhardt, R and McCombie, W R and de la Bastide, M and Dedhia, N and Blocker, H and Hornischer, K and Nordsiek, G and Agarwala, R and Aravind, L and Bailey, J A and Bateman, A and Batzoglou, S and Birney, E and Bork, P and Brown, D G and Burge, C B and Cerutti, L and Chen, H C and Church, D and Clamp, M and Copley, R R and Doerks, T and Eddy, S R and Eichler, E E and Furey, T S and Galagan, J and Gilbert, J G and Harmon, C and Hayashizaki, Y and Haussler, D and Hermjakob, H and Hokamp, K and Jang, W and Johnson, L S and Jones, T A and Kasif, S and Kaspryzk, A and Kennedy, S and Kent, W J and Kitts, P and Koonin, E V and Korf, I and Kulp, D and Lancet, D and Lowe, T M and McLysaght, A and Mikkelsen, T and Moran, J V and Mulder, N and Pollara, V J and Ponting, C P and Schuler, G and Schultz, J and Slater, G and Smit, A F and Stupka, E and Szustakowski, J and Thierry-Mieg, D and Thierry-Mieg, J and Wagner, L and Wallis, J and Wheeler, R and Williams, A and Wolf, Y I and Wolfe, K H and Yang, S P and Yeh, R F and Collins, F and Guyer, M S and Peterson, J and Felsenfeld, A and Wetterstrand, K A and Patrinos, A and Morgan, M J and de Jong, P and Catanese, J J and Osoegawa, K and Shizuya, H and Choi, S and Chen, Y J",
   Title="{Initial sequencing and analysis of the human genome}",
   Journal="Nature",
   Year="2001",
   Volume="409",
   Number="6822",
   Pages="860--921",
   Month="Feb",
    OPTpmid="11237011"
}

@Article{adams1991complementary,
        Author    = "Adams, M D and Kelley, J M and Gocayne, J D and Dubnick, M and Polymeropoulos, M H and Xiao, H and Merril, C R and Wu, A and Olde, B and Moreno, R F",
        Title     = "{Complementary DNA sequencing: expressed sequence tags and human genome project}",
        Journal   = "Science",
        Year      = "1991",
        Volume    = "252",
        Number    = "5013",
        Pages     = "1651--6",
        Month     = "Jun",
        OPTpmid   = "2047873",
}


@Article{reichhardt1998patent,
        Author    = "Reichhardt, T",
        Title     = "{Patent on gene fragment sends researchers a mixed message...as Germany hesitates over Brussels directive}",
        Journal   = "Nature",
        Year      = "1998",
        Volume    = "396",
        Number    = "6711",
        Pages     = "499",
        Month     = "Dec",
        OPTpmid   = "9859973",
}


@Misc{pasteur1873patent,
  author =       "Louis Pasteur",
  title =        "{U.S. Patent 141,072}",
  year =         "1873",
}

@Article{eisenberg1998do,
        Author    = "Eisenberg, R S",
        Title     = "{Do EST patents matter?}",
        Journal   = "Trends Genet",
        Year      = "1998",
        Volume    = "14",
        Number    = "10",
        Pages     = "379--81",
        Month     = "Oct",
        OPTpmid   = "9820022",
}

@Article{heller1998can,
        Author    = "Heller, M A and Eisenberg, R S",
        Title     = "{Can patents deter innovation? The anticommons in biomedical research}",
        Journal   = "Science",
        Year      = "1998",
        Volume    = "280",
        Number    = "5364",
        Pages     = "698--701",
        Month     = "May",
        OPTpmid   = "9563938",
}


@techreport{bjornstad2002introduction,
        Author    = "Bjornstad, David and Dummer, Christine",
        Title     = "{An Introduction to Issues Underlying Patent Policy for the Emerging Genetic Information and Medical Treatment Industry}",
        institution   = "Joint Institute for Energy and Environment",
        Year      = "2002",
	address   = "Knoxville, TN",
}

@Article{dufresne2004genetic,
        Author    = "Dufresne, Guillaume and Duval, Manuel",
        Title     = "{Genetic sequences: how are they patented?}",
        Journal   = "Nat Biotechnol",
        Year      = "2004",
        Volume    = "22",
        Number    = "2",
        Pages     = "231--2",
        Month     = "Feb",
        OPTpmid   = "14755293",
}

@Article{mossinghoff2003evolution,
        Author    = "Mossinghoff, Gerald J",
        Title     = "{The evolution of gene patents viewed from the United States Patent Office}",
        Journal   = "Adv Genet",
        Year      = "2003",
        Volume    = "50",
        OPTNumber = "",
        Pages     = "13--21; discussion 507-10",
        Month     = "",
        OPTpmid   = "14714684",
}


% 9604648 (JID)
@Article{dufresne2002patent,
   Author="Dufresne, Guillaume and Takacs, Laszlo and Heus, Hendrik C and Codani, Jean-Jacques and Duval, Manuel",
   Title="{Patent searches for genetic sequences: how to retrieve relevant records from patented sequence databases}",
   Journal="Nat Biotechnol",
   Year="2002",
   Volume="20",
   Number="12",
   Pages="1269--1271",
   Month="Dec",
   OPTpmid="12454675"
}


@Article{driscoll2005nih,
        Author    = "Driscoll, Claire",
        Title     = "{NIH data and resource sharing, data release and intellectual
		    property policies for genomics community resource projects}",
        Journal   = "Expert Opin Ther Patents",
        Year      = "2005",
        Volume    = "15",
        OPTNumber    = "1",
        Pages     = "1--8",
        Month     = "",
}

@Article{askland2003patenting,
        Author    = "Askland, Andrew",
        Title     = "{Patenting genes: a fast and furious primer}",
        Journal   = "Int J Appl Philos",
        Year      = "2003",
        Volume    = "17",
        Number    = "2",
        Pages     = "267--75",
        Month     = "",
        OPTpmid   = "15462042",
}


@Article{xu2002patent,
        Author    = "Xu, Gann and Webster, Amie and Doran, Ellen",
        Title     = "{Patent sequence databases}",
        Journal   = "World Patent Information",
        Year      = "2002",
        Volume    = "24",
        OPTNumber    = "12",
        Pages     = "95--101",
        OPTMonth     = "Dec",
}



@Article{evans2002mechanistic,
        Author    = "Evans TC JR, Thomas C and Xu, Ming-Qun",
        Title     = "{Mechanistic and kinetic considerations of protein splicing}",
        Journal   = "Chem Rev",
        Year      = "2002",
        Volume    = "102",
        Number    = "12",
        Pages     = "4869--84",
        Month     = "Dec",
        OPTpmid   = "12475209",
}


@Article{gogarten2002inteins,
        Author    = "Gogarten, J Peter and Senejani, Alireza G and Zhaxybayeva, Olga and Olendzenski, Lorraine and Hilario, Elena",
        Title     = "{Inteins: structure, function, and evolution}",
        Journal   = "Annu Rev Microbiol",
        Year      = "2002",
        Volume    = "56",
        OPTNumber = "",
        Pages     = "263--87",
        Month     = "",
        OPTpmid   = "12142479",
}


@Article{perler2001hyperthermophilic,
        Author    = "Perler, F B",
        Title     = "{Hyperthermophilic inteins}",
        Journal   = "Methods Enzymol",
        Year      = "2001",
        Volume    = "334",
        OPTNumber = "",
        Pages     = "270--80",
        Month     = "",
        OPTpmid   = "11398469",
}


@Article{wood1999genetic,
        Author    = "Wood, D W and Wu, W and Belfort, G and Derbyshire, V and Belfort, M",
        Title     = "{A genetic system yields self-cleaving inteins for bioseparations}",
        Journal   = "Nat Biotechnol",
        Year      = "1999",
        Volume    = "17",
        Number    = "9",
        Pages     = "889--92",
        Month     = "Sep",
        OPTpmid   = "10471931",
}


@Article{dalgaard1997statistical,
        Author    = "Dalgaard, J Z and Klar, A J and Moser, M J and Holley, W R and Chatterjee, A and Mian, I S",
        Title     = "{Statistical modeling and analysis of the LAGLIDADG family of site-specific endonucleases and identification of an intein that encodes a site-specific endonuclease of the HNH family}",
        Journal   = "Nucleic Acids Res",
        Year      = "1997",
        Volume    = "25",
        Number    = "22",
        Pages     = "4626--38",
        Month     = "Nov",
        OPTpmid   = "9358175",
}

@Article{hall1997crystal,
        Author    = "Hall, T M and Porter, J A and Young, K E and Koonin, E V and Beachy, P A and Leahy, D J",
        Title     = "{Crystal structure of a Hedgehog autoprocessing domain: homology between Hedgehog and self-splicing proteins}",
        Journal   = "Cell",
        Year      = "1997",
        Volume    = "91",
        Number    = "1",
        Pages     = "85--97",
        Month     = "Oct",
        OPTpmid   = "9335337",
}

@Article{glieder2002laboratory,
        Author    = "Glieder, Anton and Farinas, Edgardo T and Arnold, Frances H",
        Title     = "{Laboratory evolution of a soluble, self-sufficient, highly active alkane hydroxylase}",
        Journal   = "Nat Biotechnol",
        Year      = "2002",
        Volume    = "20",
        Number    = "11",
        Pages     = "1135--9",
        Month     = "Nov",
        OPTpmid   = "12368811",
}


@Article{sieber2001libraries,
        Author    = "Sieber, V and Martinez, C A and Arnold, F H",
        Title     = "{Libraries of hybrid proteins from distantly related sequences}",
        Journal   = "Nat Biotechnol",
        Year      = "2001",
        Volume    = "19",
        Number    = "5",
        Pages     = "456--60",
        Month     = "May",
        OPTpmid   = "11329016",
}

@Article{joo1999laboratory,
        Author    = "Joo, H and Lin, Z and Arnold, F H",
        Title     = "{Laboratory evolution of peroxide-mediated cytochrome P450 hydroxylation}",
        Journal   = "Nature",
        Year      = "1999",
        Volume    = "399",
        Number    = "6737",
        Pages     = "670--3",
        Month     = "Jun",
        OPTpmid   = "10385118",
}

@Article{doll1998patenting,
        Author    = "Doll, J J",
        Title     = "{The patenting of DNA}",
        Journal   = "Science",
        Year      = "1998",
        Volume    = "280",
        Number    = "5364",
        Pages     = "689--90",
        Month     = "May",
        OPTpmid   = "9599146",
}

@Article{robertson2003patentability,
        Author    = "Robertson, John A",
        Title     = "{Patentability and higher life forms}",
        Journal   = "Nat Rev Genet",
        Year      = "2003",
        Volume    = "4",
        Number    = "3",
        Pages     = "162",
        Month     = "Mar",
        OPTpmid   = "12632590",
}


@Article{crease2003is,
        Author    = "Crease, Devanand J and Schlich, George W",
        Title     = "{Is there a future for 'speculative' gene patents in Europe?}",
        Journal   = "Nat Rev Drug Discov",
        Year      = "2003",
        Volume    = "2",
        Number    = "5",
        Pages     = "407--10",
        Month     = "May",
        OPTpmid   = "12750743",
}



@Article{andrews2002genes,
        Author    = "Andrews, Lori B",
        Title     = "{Genes and patent policy: rethinking intellectual property rights.}",
        Journal   = "Nat Rev Genet",
        Year      = "2002",
        Volume    = "3",
        Number    = "10",
        Pages     = "803--8",
        Month     = "Oct",
        OPTpmid   = "12360238",
}

% 101140040 (JID)
@Article{eisenberg2003patenting,
   Author="Eisenberg, Rebecca",
   Title="{Patenting genome research tools and the law}",
   Journal="C R Biol",
   Year="2003",
   Volume="326",
   Number="10-11",
   Pages="1115--1120",
   Month="Oct",
   OPTpmid="14744122"
}

% 9604648 (JID)
@Article{walker2003viability,
   Author="Walker, Barbara Webb and Carty, Sherry M",
   Title="{Is the viability of the Lilly doctrine on the decline?}",
   Journal="Nat Biotechnol",
   Year="2003",
   Volume="21",
   Number="8",
   Pages="943--944",
   Month="Aug",
    OPTpmid="12894207"
}

% 100960660 (JID)
@Article{petsko2002no,
   Author="Petsko, Gregory A",
   Title="{No place like Ome}",
   Journal="Genome Biol",
   Year="2002",
   Volume="3",
   Number="7",
   Pages="COMMENT1010",
   Month="Jun",
    PMID="12184797"
}

% 101190261 (JID)
@Article{browning2004regulation,
   Author="Browning, Douglas F and Busby, Stephen J",
   Title="{The regulation of bacterial transcription initiation}",
   Journal="Nat Rev Microbiol",
   Year="2004",
   Volume="2",
   Number="1",
   Pages="57--65",
   Month="Jan",
    OPTpmid="15035009"
}


% 101152869 (JID)
@Article{rubertis2003genetic,
   Author="De Rubertis, Gianna and Davies, Stephen W",
   Title="{A genetic circuit amplifier: design and simulation}",
   Journal="IEEE Trans Nanobioscience",
   Year="2003",
   Volume="2",
   Number="4",
   Pages="239--246",
   Month="Dec",
   Note="Evaluation Studies",
    OPTpmid="15376914"
}

% 0411011 (JID)
@Article{maglott2005entrez,
   Author="Maglott, Donna and Ostell, Jim and Pruitt, Kim D and Tatusova, Tatiana",
   Title="{Entrez Gene: gene-centered information at NCBI}",
   Journal="Nucleic Acids Res",
   Year="2005",
   Volume="33 Database Issue",
   Pages="54--58",
   Month="Jan",
   OPTpmid="15608257"
}

% 9433358 (JID)
@Article{zhang2000greedy,
   Author="Zhang, Z and Schwartz, S and Wagner, L and Miller, W",
   Title="{A greedy algorithm for aligning DNA sequences}",
   Journal="J Comput Biol",
   Year="2000",
   Volume="7",
   Number="1-2",
   Pages="203--214",
   Month="Feb",
   OPTpmid="10890397"
}

% 0411011 (JID)
@Article{pruitt2005ncbi,
   Author="Pruitt, Kim D and Tatusova, Tatiana and Maglott, Donna R",
   Title="{NCBI Reference Sequence (RefSeq): a curated non-redundant sequence database of genomes, transcripts and proteins}",
   Journal="Nucleic Acids Res",
   Year="2005",
   Volume="33 Database Issue",
   Pages="501--504",
   Month="Jan",
   OPTpmid="15608248"
}

@Unpublished{ncbi2004personal,
  author =      {{User Services}},
  title =       {{National Center for Biotechnology Information}},
  note =     {{Personal communication}},
  month =    {November},
  year =        {2004},
}

@Misc{genbank2005ftp,
  author =       "{National Center for Biotechnology Information}",
  title =        "{Genbank FTP site}",
  howpublished = "\url{ftp://ftp.ncbi.nih.gov/genbank}",
  month =	 "Jan",
  year =         "2005",
  OPTurl =       "ftp://ftp.ncbi.nih.gov/genbank",
}

@Misc{ncbi2005refseq,
  author =       "{National Center for Biotechnology Information}",
  title =        "{The RefSeq Database}",
  howpublished = "\url{http://www.ncbi.nlm.nih.gov/RefSeq/}",
  month =	 "Jan",
  year =         "2005",
  OPTurl =       "http://www.ncbi.nlm.nih.gov/RefSeq/",
}

% 0411011 (JID)
@Article{wheeler2005database,
   Author="Wheeler, David L and Barrett, Tanya and Benson, Dennis A and Bryant, Stephen H and Canese, Kathi and Church, Deanna M and DiCuccio, Michael and Edgar, Ron and Federhen, Scott and Helmberg, Wolfgang and Kenton, David L and Khovayko, Oleg and Lipman, David J and Madden, Thomas L and Maglott, Donna R and Ostell, James and Pontius, Joan U and Pruitt, Kim D and Schuler, Gregory D and Schriml, Lynn M and Sequeira, Edwin and Sherry, Steven T and Sirotkin, Karl and Starchenko, Grigory and Suzek, Tugba O and Tatusov, Roman and Tatusova, Tatiana A and Wagner, Lukas and Yaschenko, Eugene",
   Title="{Database resources of the National Center for Biotechnology Information}",
   Journal="Nucleic Acids Res",
   Year="2005",
   Volume="33 Database Issue",
   Pages="39--45",
   Month="Jan",
   OPTpmid="15608222"
}
@Misc{ncbi2005nucleotide,
  author =       "{National Center for Biotechnology Information}",
  title =        "{The Entrez Nucleotide Database}",
  howpublished = "\url{http://www.ncbi.nlm.nih.gov/entrez/query.fcgi?db=Nucleotide}",
  month =	 "Jan",
  year =         "2005",
  OPTurl =       "http://www.ncbi.nlm.nih.gov/entrez/query.fcgi?db=Nucleotide",
}

@Article{cargill1999characterization,
   Author="Cargill, M and Altshuler, D and Ireland, J and Sklar, P and Ardlie, K and Patil, N and Shaw, N and Lane, C R and Lim, E P and Kalyanaraman, N and Nemesh, J and Ziaugra, L and Friedland, L and Rolfe, A and Warrington, J and Lipshutz, R and Daley, G Q and Lander, E S",
   Title="{Characterization of single-nucleotide polymorphisms in coding regions of human genes}",
   Journal="Nat Genet",
   Year="1999",
   Volume="22",
   Number="3",
   Pages="231--238",
   Month="Jul",
   OPTpmid="10391209"
}

@techreport{nuffield2002ethics,
    author = "{Nuffield Council on Bioethics}",
    title = "{The ethics of patenting DNA}",
    OPTinstitution =  "Nuffield Council on Bioethics",
    address = "London, UK",
    year = "2002",
    url = "http://www.nuffieldbioethics.org/go/ourwork/patentingdna/publication_310.html"
}



% 8900488 (JID)
@Article{matthijs2004patenting,
   Author="Matthijs, Gert",
   Title="{Patenting genes}",
   Journal="BMJ",
   Year="2004",
   Volume="329",
   Number="7479",
   Pages="1358--1360",
   Month="Dec",
   Note="Editorial",
    OPTpmid="15591543"
}

% 100962779 (JID)
@Article{caulfield2000patenting,
   Author="Caulfield, T and Gold, E R and Cho, M K",
   Title="{Patenting human genetic material: refocusing the debate}",
   Journal="Nat Rev Genet",
   Year="2000",
   Volume="1",
   Number="3",
   Pages="227--231",
   Month="Dec",
    OPTpmid="11252752"
}

@Misc{ussc1980diamond,
  author =       "",
  title =        "{Diamond v. Chakrabarty}",
  howpublished = "447 U.S. 303",
  year =         "1980",
}

@Article{uspto2001utility,
   Author="United States Patent and Trademark Office",
   Title="{Utility Examination Guidelines}",
   Journal="Federal Register",
   Year="2001",
   Volume="66",
   Number="4",
   Month="Jan",
   Pages="1092--1099",
}


@Misc{doegenomes2004website,
  author =       "{Department of Energy}",
  title =        "{Genome programs of the U.S. Department of Energy}",
  howpublished = "http://www.doegenomes.org/",
  month =	 "Jan",
  year =         "2005",
  OPTurl =       "http://www.doegenomes.org/",
}

@misc{murray2004formal,
   Author="Murray, Fiona and Stern, Scott",
   Title="{Formal Intellectual Property Rights Hinder the Free Flow of Scientific Knowledge? An Empirical Test of the Anti-Commons Hypothesis}",
   Year="2004",
  note =         "http://web.mit.edu/ewzucker/www/econsoc/Murray.pdf",
  institution =  "MIT Sloan School",
}


@Article{styczynski2004extension,
   Author="Styczynski, Mark and Jensen, Kyle and Rigoutsos, Isidore and Stephanopoulos, Gregory",
   Title="{An extension and novel solution to the Motif Challenge Problem}",
   Journal="Genome Informatics",
   Year="2004",
   Volume="15",
   Number="2",
   OPTPages="755-763",
}


% 9808944 (JID)
@Article{eddy1998profile,
   Author="Eddy, S R",
   Title="{Profile hidden Markov models}",
   Journal="Bioinformatics",
   Year="1998",
   Volume="14",
   Number="9",
   Pages="755-763",
    OPTpmid="9918945"
}


@InBook{fasman1976handbook,
  OPTauthor =       "CRC",
  title = "Physical Chemical Data",
  series =        "CRC Handbook of Biochemistry and Molecular Biology",
  publisher =    "{CRC Press}",
  year =         "1976",
  editor = {G.D. Fasman},
  address =      {Cleveland, Ohio},
  volume = {1},
}




@BOOK{garey1979computers,
  author =       {M. Garey and D. Johnson},
  title =        {Computers and Intractability: A Guide to the Theory of NP--Completeness},
  publisher =    {W.H. Freeman and Company},
  year =         {1979},
  address =      {New York},
  annote =       {proves that pattern discovery is np hard},
}


@ARTICLE{wolferstetter1996identification,
  author = "F. Wolferstetter and K. French and G. Herrmann and T. Werner",
  title = "Identification of functional",
  journal = "Computer Applications in the Biosciences",
  year =         {1996},
  volume =       {12},
  number =       {1},
  pages =        {71--80},
  annote =       {pat drive pat disc},
}


@ARTICLE{smith1990finding,
  author = "H. Smith and T. Annau and S. Chandrasegaran",
  title = "Finding sequence motifs in groups of functionally related proteins",
    journal = "Proceedings of the National Academy of Science",
  year =         {1990},
  volume =       {87},
  number =       {},
  pages =        {826--830},
  annote =       {pat driven pat disc},
}

@article{sagot1997multiple,
    author = "M. Sagot and A. Viari and H. Soldano",
    title = "Multiple sequence comparison --- {A} peptide matching approach",
    journal = "Theoretical Computer Science",
    volume = "180",
    number = "1--2",
    pages = "115--137",
    year = "1997",
  annote =       {pat driven pat disc},
}

@ARTICLE{suyama1995searching,
  author = "Suyama and M. Nishioka and T. Oda",
  title = "Searching for common sequence patterns among distantly related proteins",
  journal =      {Protein Engineering},
  year =         {1995},
  volume =       {8},
  number =       {11},
  pages =        {1075--1080},
  annote =       {pat driven pat disc},
}

@ARTICLE{neuwald1994detecting,
  author = "A. Neuwald and P. Green",
  title = "Detecting patterns in protein sequences",
  journal =      {Journal of Molecular Biology},
  year =         {1994},
  volume =       {239},
  number =       {},
  pages =        {698--712},
  annote =       {pat driven pat disc},
}

@ARTICLE{clift1986sequence,
  author = "B. Clift and D. Haussler and T. Schneider and G. Stormo",
  title = "Sequence Landscapes",
  journal =      {Nucleic Acids Research},
  year =         {1986},
  volume =       {14},
  number =       {1},
  pages =        {141--158},
  annote =       {sequence drive pat disc},
}



% 0411011 (JID)
@Article{stormo1982use,
   Author="Stormo, G D and Schneider, T D and Gold, L and Ehrenfeucht, A",
   Title="{Use of the 'Perceptron' algorithm to distinguish translational initiation sites in E. coli}",
   Journal="Nucleic Acids Res",
   Year="1982",
   Volume="10",
   Number="9",
   Pages="2997-3011",
   Month="May",
    OPTpmid="7048259"
}

% 0411011 (JID)
@Article{staden1984computer,
   Author="Staden, R",
   Title="{Computer methods to locate signals in nucleic acid sequences}",
   Journal="Nucleic Acids Res",
   Year="1984",
   Volume="12",
   Number="1 Pt 2",
   Pages="505-519",
   Month="Jan",
    OPTpmid="6364039"
}

@book{duda2000pattern,
      author="R.O. Duda and P.E. Hart and D.G. Stork",
      title={Pattern classification},
      publisher={Wiley Interscience},
      year={2000},
      address={New York}
}


% 9211750 (JID)
@Article{ortiz2002mammoth,
   Author="Ortiz, Angel R and Strauss, Charlie E M and Olmea, Osvaldo",
   Title="{MAMMOTH (matching molecular models obtained from theory): an automated method for model comparison}",
   Journal="Protein Sci",
   Year="2002",
   Volume="11",
   Number="11",
   Pages="2606-2621",
   Month="Nov",
   Note="Evaluation Studies",
    OPTpmid="12381844"
}

% 8700181 (JID)
@Article{madej1995threading,
   Author="Madej, T and Gibrat, J F and Bryant, S H",
   Title="{Threading a database of protein cores}",
   Journal="Proteins",
   Year="1995",
   Volume="23",
   Number="3",
   Pages="356-369",
   Month="Nov",
    OPTpmid="8710828"
}

% 0212271 (JID)
@Article{orengo1996ssap,
   Author="Orengo, C A and Taylor, W R",
   Title="{SSAP: sequential structure alignment program for protein structure comparison}",
   Journal="Methods Enzymol",
   Year="1996",
   Volume="266",
   Pages="617-635",
    OPTpmid="8743709"
}

% 9808944 (JID)
@Article{heger2003sensitive,
   Author="Heger, Andreas and Holm, Liisa",
   Title="{Sensitive pattern discovery with 'fuzzy' alignments of distantly related proteins}",
   Journal="Bioinformatics",
   Year="2003",
   Volume="19 Suppl 1",
   Pages="130-137",
    OPTpmid="12855449"
}

% 9421566 (JID)
@Article{dietmass2001indentification,
   Author="Dietmann, S and Holm, L",
   Title="{Identification of homology in protein structure classification}",
   Journal="Nat Struct Biol",
   Year="2001",
   Volume="8",
   Number="11",
   Pages="953-957",
   Month="Nov",
    OPTpmid="11685241"
}

@techreport{wolpert1995no,
    author = "David H. Wolpert and William G. Macready",
    title = "No Free Lunch Theorems for Search",
    number = "SFI-TR-95-02-010",
    address = "Santa Fe, NM",
    year = "1995",
    url = "citeseer.ist.psu.edu/wolpert95no.html" }

@article{wolpert1997no,
    author = "David H. Wolpert and William G. Macready",
    title = "No Free Lunch Theorems for Optimization",
    journal = "IEEE Transactions on Evolutionary Computation",
    volume = "1",
    number = "1",
    month = "April",
    pages = "67-82",
    year = "1997",
    url = "citeseer.ist.psu.edu/wolpert96no.html" }

@article{tomita1989optimal,
    author = "Tomita, Etsuji and Tanaka, Akira and Takahasi, Haruhisa",
    title = "An Optimal Algorithm for Finding All the Cliques",
    journal = "SIG Algorithms",
    volume = "12",
    OPTnumber = "2",
    pages = "91-98",
    year = "1989"
}

@article{zaki2000scalable,
    author = "Mohammed Javeed Zaki",
    title = "Scalable Algorithms for Association Mining",
    journal = "Knowledge and Data Engineering",
    volume = "12",
    number = "2",
    pages = "372-390",
    year = "2000",
    url = "citeseer.ist.psu.edu/zaki00scalable.html" }

@inproceedings{zaki1998theoretical,
  author = "Mohammed J. Zaki and Mitsunori Ogihara",
  title = "Theoretical Foundations of Association Rules",
  booktitle = "In Proceedings of 3 rd SIGMOD'98 Workshop on Research Issues in Data Mining and Knowledge Discovery (DMKD'98)",
  address = "Seattle, Washington",
  year = "1998",
  url = "citeseer.ist.psu.edu/zaki98theoretical.html",
  url = "citeseer.nj.nec.com/zaki98theoretical.html" }

% 0411011 (JID)
@Article{murthy2003rnabase,
   Author="Murthy, Venkatesh L and Rose, George D",
   Title="{RNABase: an annotated database of RNA structures}",
   Journal="Nucleic Acids Res",
   Year="2003",
   Volume="31",
   Number="1",
   Pages="502-504",
   Month="Jan",
    OPTpmid="12520063"
}

% 8309333 (JID)
@Article{ramaswamy2002dna,
   Author="Ramaswamy, Sridhar and Golub, Todd R",
   Title="{DNA microarrays in clinical oncology}",
   Journal="J Clin Oncol",
   Year="2002",
   Volume="20",
   Number="7",
   Pages="1932-1941",
   Month="Apr",
    OPTpmid="11919254"
}

% 2984705R (JID)
@Article{hegde2001identification,
   Author="Hegde, P and Qi, R and Gaspard, R and Abernathy, K and Dharap, S and Earle-Hughes, J and Gay, C and Nwokekeh, N U and Chen, T and Saeed, A I and Sharov, V and Lee, N H and Yeatman, T J and Quackenbush, J",
   Title="{Identification of tumor markers in models of human colorectal cancer using a 19,200-element complementary DNA microarray}",
   Journal="Cancer Res",
   Year="2001",
   Volume="61",
   Number="21",
   Pages="7792-7797",
   Month="Nov",
    OPTpmid="11691794"
}

% 9808944 (JID)
@Article{eskin2002finding,
   Author="Eskin, Eleazar and Pevzner, Pavel A",
   Title="{Finding composite regulatory patterns in DNA sequences}",
   Journal="Bioinformatics",
   Year="2002",
   Volume="18 Suppl 1",
   Pages="354-363",
   Note="Evaluation Studies",
    OPTpmid="12169566"
}

% 9808944 (JID)
@Article{keich2002finding,
   Author="Keich, U and Pevzner, P A",
   Title="{Finding motifs in the twilight zone}",
   Journal="Bioinformatics",
   Year="2002",
   Volume="18",
   Number="10",
   Pages="1374-1381",
   Month="Oct",
   Note="Evaluation Studies",
    OPTpmid="12376382"
}

% 9808944 (JID)
@Article{keich2002subtle,
   Author="Keich, U and Pevzner, P A",
   Title="{Subtle motifs: defining the limits of motif finding algorithms}",
   Journal="Bioinformatics",
   Year="2002",
   Volume="18",
   Number="10",
   Pages="1382-1390",
   Month="Oct",
   Note="Evaluation Studies",
    OPTpmid="12376383"
}

% 9808944 (JID)
@Article{price2003finding,
   Author="Price, Alkes and Ramabhadran, Sriram and Pevzner, Pavel A",
   Title="{Finding subtle motifs by branching from sample strings}",
   Journal="Bioinformatics",
   Year="2003",
   Volume="19 Suppl 2",
   Pages="II149-II155",
   Month="Oct",
    OPTpmid="14534184"
}

% 0411011 (JID)
@Article{thompson1994clustal,
   Author="Thompson, J D and Higgins, D G and Gibson, T J",
   Title="{CLUSTAL W: improving the sensitivity of progressive multiple sequence alignment through sequence weighting, position-specific gap penalties and weight matrix choice}",
   Journal="Nucleic Acids Res",
   Year="1994",
   Volume="22",
   Number="22",
   Pages="4673-4680",
   Month="Nov",
    OPTpmid="7984417"
}

% 0376342 (JID)
@Article{riek1995evolutionary,
   Author="Riek, R P and Handschumacher, M D and Sung, S S and Tan, M and Glynias, M J and Schluchter, M D and Novotny, J and Graham, R M",
   Title="{Evolutionary conservation of both the hydrophilic and hydrophobic nature of transmembrane residues}",
   Journal="J Theor Biol",
   Year="1995",
   Volume="172",
   Number="3",
   Pages="245-258",
   Month="Feb",
    OPTpmid="7715195"
}

% 0372525 (JID)
@Article{kabsch1983dictionary,
   Author="Kabsch, W and Sander, C",
   Title="{Dictionary of protein secondary structure: pattern recognition of hydrogen-bonded and geometrical features}",
   Journal="Biopolymers",
   Year="1983",
   Volume="22",
   Number="12",
   Pages="2577-2637",
   Month="Dec",
    OPTpmid="6667333"
}

% 8801484 (JID)
@Article{williams2003multiple,
   Author="Williams, A and Gilbert, D R and Westhead, D R",
   Title="{Multiple structural alignment for distantly related all beta structures using TOPS pattern discovery and simulated annealing}",
   Journal="Protein Eng",
   Year="2003",
   Volume="16",
   Number="12",
   Pages="913-923",
   Month="Dec",
    OPTpmid="14983071"
}

% 0404511 (JID)
@Article{malakoff2004nih,
   Author="Malakoff, David",
   Title="{Intellectual property. NIH roils academe with advice on licensing DNA patents}",
   Journal="Science",
   Year="2004",
   Volume="303",
   Number="5665",
   Pages="1757-1758",
   Month="Mar",
   Note="News",
    OPTpmid="15031474"
}

% 0404511 (JID)
@Article{malakoff2004most,
   Author="Malakoff, David",
   Title="{Intellectual property. Most academics eschewing patents?}",
   Journal="Science",
   Year="2004",
   Volume="303",
   Number="5665",
   Pages="1757",
   Month="Mar",
   Note="News",
    OPTpmid="15031475"
}

% 0410462 (JID)
@Article{cyranoski2003intellectual,
   Author="Cyranoski, David",
   Title="{Intellectual property: this protein belongs to..}",
   Journal="Nature",
   Year="2003",
   Volume="426",
   Number="6962",
   Pages="10-11",
   Month="Nov",
   Note="News",
    OPTpmid="14603283"
}




% 0404511 (JID)
@Article{malakoff2003academia,
   Author="Malakoff, David",
   Title="{Intellectual property. Academia gets no help from U.S. in patent case}",
   Journal="Science",
   Year="2003",
   Volume="300",
   Number="5626",
   Pages="1635-1637",
   Month="Jun",
   Note="News",
    OPTpmid="12805507"
}

% 0404511 (JID)
@Article{kaiser2003patent,
   Author="Kaiser, Jocelyn",
   Title="{Intellectual property. Patent sprawl: from genes to gene interpretation}",
   Journal="Science",
   Year="2003",
   Volume="302",
   Number="5652",
   Pages="1878",
   Month="Dec",
   Note="News",
    OPTpmid="14671261"
}

% 0404511 (JID)
@Article{thursby2003university,
   Author="Thursby, Jerry G and Thursby, Marie C",
   Title="{Intellectual property. University licensing and the Bayh-Dole Act}",
   Journal="Science",
   Year="2003",
   Volume="301",
   Number="5636",
   Pages="1052",
   Month="Aug",
    OPTpmid="12933996"
}

% 8700181 (JID)
@Article{alexandrov1996analysis,
   Author="Alexandrov, N N and Fischer, D",
   Title="{Analysis of topological and nontopological structural similarities in the PDB: new examples with old structures}",
   Journal="Proteins",
   Year="1996",
   Volume="25",
   Number="3",
   Pages="354-365",
   Month="Aug",
    OPTpmid="8844870"
}

% 9433358 (JID)
@Article{eidhammer2000structure,
   Author="Eidhammer, I and Jonassen, I and Taylor, W R",
   Title="{Structure comparison and structure patterns}",
   Journal="J Comput Biol",
   Year="2000",
   Volume="7",
   Number="5",
   Pages="685-716",
    OPTpmid="11153094"
}

% 8801484 (JID)
@Article{alexandrov1996sarfing,
   Author="Alexandrov, N N",
   Title="{SARFing the PDB}",
   Journal="Protein Eng",
   Year="1996",
   Volume="9",
   Number="9",
   Pages="727-732",
   Month="Oct",
    OPTpmid="8888137"
}

@article{arun1987least,
     author = {K. S. Arun and T. S. Huang and S. D. Blostein},
     title = {Least-squares fitting of two 3-D point sets},
     journal = {IEEE Trans. Pattern Anal. Mach. Intell.},
     volume = {9},
     number = {5},
     year = {1987},
     issn = {0162-8828},
     pages = {698--700},
     publisher = {IEEE Computer Society},
}

@Article{horn1987closed,
   Author="Horn, B K P ",
   Title="{Closed-form solution of absolute orientation using unit quaternions}",
   Journal="Journal of the Optical Society of America A",
   Year="1987",
   Volume="4",
   Number="4",
   Pages="629--642",
   Month="Apr"
}

@inproceedings{lorusso1995comparison,
     author = {A. Lorusso and D. W. Eggert and R. B. Fisher},
     title = {A comparison of four algorithms for estimating 3-D rigid transformations},
     booktitle = {Proceedings of the 1995 British conference on Machine vision (Vol. 1)},
     year = {1995},
     isbn = {0-9521898-2-8},
     pages = {237--246},
     location = {Birmingham, United Kingdom},
     publisher = {BMVA Press},
 }

% 9211750 (JID)
@Article{alexandrov1994biological,
   Author="Alexandrov, N N and Go, N",
   Title="{Biological meaning, statistical significance, and classification of local spatial similarities in nonhomologous proteins}",
   Journal="Protein Sci",
   Year="1994",
   Volume="3",
   Number="6",
   Pages="866-875",
   Month="Jul" ,
   OPTpmid="8069217"
}

% 9211750 (JID)
@Article{holm1992database,
   Author="Holm, L and Ouzounis, C and Sander, C and Tuparev, G and Vriend, G",
   Title="{A database of protein structure families with common folding motifs}",
   Journal="Protein Sci",
   Year="1992",
   Volume="1",
   Number="12",
   Pages="1691-1698" ,
   OPTpmid="1304898"
}

% 9808944 (JID)
@Article{krasnogor2004measuring,
   Author="Krasnogor, N and Pelta, D A",
   Title="{Measuring the similarity of protein structures by means of the universal similarity metric}",
   Journal="Bioinformatics",
   Year="2004",
   Volume="20",
   Number="7",
   Pages="1015-1021",
   Month="Jun",
   Note="Evaluation Studies" ,
   OPTpmid="14751983"
}

% 8700181 (JID)
@Article{hunter2003protein,
   Author="Hunter, Cornelius G and Subramaniam, Shankar",
   Title="{Protein fragment clustering and canonical local shapes}",
   Journal="Proteins",
   Year="2003",
   Volume="50",
   Number="4",
   Pages="580-588",
   Month="Apr",
   Note="Evaluation Studies" ,
   OPTpmid="12577264"
}

% 2985088R (JID)
@Article{holm1993protein,
   Author="Holm, L and Sander, C",
   Title="{Protein structure comparison by alignment of distance matrices}",
   Journal="J Mol Biol",
   Year="1993",
   Volume="233",
   Number="1",
   Pages="123-138",
   Month="Oct" ,
   OPTpmid="8377180"
}

% 8700181 (JID)
@Article{hunter2002natural,
   Author="Hunter, Cornelius G and Subramaniam, Shankar",
   Title="{Natural coordinate representation for the protein backbone structure}",
   Journal="Proteins",
   Year="2002",
   Volume="49",
   Number="2",
   Pages="206-215",
   Month="Dec" ,
   OPTpmid="12211001"
}

% 101128185 (JID)
@Article{heger2003more,
   Author="Heger, A and Holm, L",
   Title="{More for less in structural genomics}",
   Journal="J Struct Funct Genomics",
   Year="2003",
   Volume="4",
   Number="2-3",
   Pages="57-66" ,
   OPTpmid="14649289"
}

% 0155157 (JID)
@Article{holm1993structural,
   Author="Holm, L and Sander, C",
   Title="{Structural alignment of globins, phycocyanins and colicin A}",
   Journal="FEBS Lett",
   Year="1993",
   Volume="315",
   Number="3",
   Pages="301-306",
   Month="Feb" ,
   OPTpmid="8422921"
}

% 9808944 (JID)
@Article{sasin2003strucla,
   Author="Sasin, Joanna M and Kurowski, Michal A and Bujnicki, Janusz M",
   Title="{STRUCLA: a WWW meta-server for protein structure comparison and evolutionary classification}",
   Journal="Bioinformatics",
   Year="2003",
   Volume="19 Suppl 1",
   Pages="252-254" ,
   OPTpmid="12855467"
}


% 9418985 (JID)
@Article{lima1997mad,
   Author="Lima, C D and D'Amico, K L and Naday, I and Rosenbaum, G and Westbrook, E M and Hendrickson, W A",
   Title="{MAD analysis of FHIT, a putative human tumor suppressor from the HIT protein family}",
   Journal="Structure",
   Year="1997",
   Volume="5",
   Number="6",
   Pages="763-774",
   Month="Jul",
    OPTpmid="9261067"
}

% 0370623 (JID)
@Article{wedekind1996structure,
   Author="Wedekind, J E and Frey, P A and Rayment, I",
   Title="{The structure of nucleotidylated histidine-166 of galactose-1-phosphate uridylyltransferase provides insight into phosphoryl group transfer}",
   Journal="Biochemistry",
   Year="1996",
   Volume="35",
   Number="36",
   Pages="11560-11569",
   Month="Oct",
    OPTpmid="8794735"
}

% 0411011 (JID)
@Article{berman2000protein,
   Author="Berman, H M and Westbrook, J and Feng, Z and Gilliland, G and Bhat, T N and Weissig, H and Shindyalov, I N and Bourne, P E",
   Title="{The Protein Data Bank}",
   Journal="Nucleic Acids Res",
   Year="2000",
   Volume="28",
   Number="1",
   Pages="235-242",
   Month="Feb",
    OPTpmid="10592235"
}

% 7610674 (JID)
@Article{holm1997enzyme,
   Author="Holm, L and Sander, C",
   Title="{Enzyme HIT}",
   Journal="Trends Biochem Sci",
   Year="1997",
   Volume="22",
   Number="4",
   Pages="116-117",
   Month="May",
   Note="Letter",
    OPTpmid="9149529"
}

@Article{thomas2002shares,
   Author="Thomas, Sandy M and Hopkins, Michael M and Brady, Max",
   Title="{Shares in the human genome--the future of patenting DNA}",
   Journal="Nat Biotechnol",
   Year="2002",
   Volume="20",
   Number="12",
   Pages="1185-1188",
    OPTpmid="12454661"
}


% 101124171 (JID)
@Article{stott2004gene,
   Author="Stott, Mike and Valentine, Jill",
   Title="{Gene patenting and medical research: a view from a pharmaceutical company}",
   Journal="Nat Rev Drug Discov",
   Year="2004",
   Volume="3",
   Number="4",
   Pages="364-368",
   Month="May",
    OPTpmid="15060532"
}

% 9604648 (JID)
@Article{stott2002impact,
   Author="Stott, Mike and Valentine, Jill",
   Title="{Impact of gene patenting on R\&D and commerce}",
   Journal="Nat Biotechnol",
   Year="2003",
   Volume="21",
   Number="7",
   Pages="729-731",
   Month="Aug",
   Note="Comment",
    OPTpmid="12833081"
}

% 9604648 (JID)
@Article{bajic2004promoter,
   Author="Bajic, Vladimir B and Tan, Sin Lam and Suzuki, Yutaka and Sugano, Sumio",
   Title="{Promoter prediction analysis on the whole human genome}",
   Journal="Nat Biotechnol",
   Year="2004",
   Volume="22",
   Number="11",
   Pages="1467-1473",
   Month="Dec",
    OPTpmid="15529174"
}

% 9604648 (JID)
@Article{eddy2004how,
   Author="Eddy, Sean R",
   Title="{How do RNA folding algorithms work?}",
   Journal="Nat Biotechnol",
   Year="2004",
   Volume="22",
   Number="11",
   Pages="1457-1458",
   Month="Dec",
    OPTpmid="15529172"
}

% 0411011 (JID)
@Article{bateman2004pfam,
   Author="Bateman, Alex and Coin, Lachlan and Durbin, Richard and Finn, Robert D and Hollich, Volker and Griffiths-Jones, Sam and Khanna, Ajay and Marshall, Mhairi and Moxon, Simon and Sonnhammer, Erik L L and Studholme, David J and Yeats, Corin and Eddy, Sean R",
   Title="{The Pfam protein families database}",
   Journal="Nucleic Acids Res",
   Year="2004",
   Volume="32 Database issue",
   Pages="138-141",
   Month="Feb",
    OPTpmid="14681378"
}

% 7610674 (JID)
@Article{aravind1998hd,
   Author="Aravind, L and Koonin, E V",
   Title="{The HD domain defines a new superfamily of metal-dependent phosphohydrolases}",
   Journal="Trends Biochem Sci",
   Year="1998",
   Volume="23",
   Number="12",
   Pages="469-472",
    OPTpmid="9868367"
}

% 0411011 (JID)
@Article{bairoch2000enzyme,
   Author="Bairoch, A",
   Title="{The ENZYME database in 2000}",
   Journal="Nucleic Acids Res",
   Year="2000",
   Volume="28",
   Number="1",
   Pages="304-305",
   Month="Feb",
    OPTpmid="10592255"
}

% 0411011 (JID)
@Article{marchler2003cdd,
   Author="Marchler-Bauer, Aron and Anderson, John B and DeWeese-Scott, Carol and Fedorova, Natalie D and Geer, Lewis Y and He, Siqian and Hurwitz, David I and Jackson, John D and Jacobs, Aviva R and Lanczycki, Christopher J and Liebert, Cynthia A and Liu, Chunlei and Madej, Thomas and Marchler, Gabriele H and Mazumder, Raja and Nikolskaya, Anastasia N and Panchenko, Anna R and Rao, Bachoti S and Shoemaker, Benjamin A and Simonyan, Vahan and Song, James S and Thiessen, Paul A and Vasudevan, Sona and Wang, Yanli and Yamashita, Roxanne A and Yin, Jodie J and Bryant, Stephen H",
   Title="{CDD: a curated Entrez database of conserved domain alignments}",
   Journal="Nucleic Acids Res",
   Year="2003",
   Volume="31",
   Number="1",
   Pages="383-387",
   Month="Feb",
    OPTpmid="12520028"
}

% 9808944 (JID)
@Article{kel2004recognition,
   Author="Kel, A and Tikunov, Y and Voss, N and Wingender, E",
   Title="{Recognition of multiple patterns in unaligned sets of sequences: comparison of kernel clustering method with other methods}",
   Journal="Bioinformatics",
   Year="2004",
   Volume="20",
   Number="10",
   Pages="1512-1516",
   Month="Jul",
    OPTpmid="15231544"
}

% 9433358 (JID)
@Article{sinha2003discriminative,
   Author="Sinha, Saurabh",
   Title="{Discriminative motifs}",
   Journal="J Comput Biol",
   Year="2003",
   Volume="10",
   Number="3-4",
   Pages="599-615",
    OPTpmid="12935347"
}

% 0411011 (JID)
@Article{sinha2003ymf,
   Author="Sinha, Saurabh and Tompa, Martin",
   Title="{YMF: A program for discovery of novel transcription factor binding sites by statistical overrepresentation}",
   Journal="Nucleic Acids Res",
   Year="2003",
   Volume="31",
   Number="13",
   Pages="3586-3588",
   Month="Jul",
    OPTpmid="12824371"
}

% 9808944 (JID)
@Article{lee2003generating,
   Author="Lee, Christopher",
   Title="{Generating consensus sequences from partial order multiple sequence alignment graphs}",
   Journal="Bioinformatics",
   Year="2003",
   Volume="19",
   Number="8",
   Pages="999-1008",
   Month="May",
   Note="Evaluation Studies",
    OPTpmid="12761063"
}

% 9808944 (JID)
@Article{haverty2004cisml,
   Author="Haverty, Peter M and Weng, Zhiping",
   Title="{CisML: an XML-based format for sequence motif detection software}",
   Journal="Bioinformatics",
   Year="2004",
   Volume="20",
   Number="11",
   Pages="1815-1817",
   Month="Jul",
    OPTpmid="15001475"
}

% 0411011 (JID)
@Article{fu2004motifviz,
   Author="Fu, Yutao and Frith, Martin C and Haverty, Peter M and Weng, Zhiping",
   Title="{MotifViz: an analysis and visualization tool for motif discovery}",
   Journal="Nucleic Acids Res",
   Year="2004",
   Volume="32",
   Number="Web Server issue",
   Pages="420-423",
   Month="Jul",
    OPTpmid="15215422"
}

% 0411011 (JID)
@Article{frith2004detection,
   Author="Frith, Martin C and Fu, Yutao and Yu, Liqun and Chen, Jiang-Fan and Hansen, Ulla and Weng, Zhiping",
   Title="{Detection of functional DNA motifs via statistical over-representation}",
   Journal="Nucleic Acids Res",
   Year="2004",
   Volume="32",
   Number="4",
   Pages="1372-1381",
   Note="Evaluation Studies",
    OPTpmid="14988425"
}

% 9808944 (JID)
@Article{poluliakh2003melina,
   Author="Poluliakh, Natalia and Takagi, Toshihisa and Nakai, Kenta",
   Title="{Melina: motif extraction from promoter regions of potentially co-regulated genes}",
   Journal="Bioinformatics",
   Year="2003",
   Volume="19",
   Number="3",
   Pages="423-424",
   Month="Feb",
    OPTpmid="12584132"
}

% 0411011 (JID)
@Article{frith2004finding,
   Author="Frith, Martin C and Hansen, Ulla and Spouge, John L and Weng, Zhiping",
   Title="{Finding functional sequence elements by multiple local alignment}",
   Journal="Nucleic Acids Res",
   Year="2004",
   Volume="32",
   Number="1",
   Pages="189-200",
    OPTpmid="14704356"
}

% 9808944 (JID)
@Article{jonassen2002structure,
   Author="Jonassen, Inge and Eidhammer, Ingvar and Conklin, Darrell and Taylor, William R",
   Title="{Structure motif discovery and mining the PDB}",
   Journal="Bioinformatics",
   Year="2002",
   Volume="18",
   Number="2",
   Pages="362-367",
   Month="Feb",
    OPTpmid="11847094"
}


% 2985088R (JID)
@Article{jonassen2000searching,
   Author="Jonassen, I and Eidhammer, I and Grindhaug, S H and Taylor, W R",
   Title="{Searching the protein structure databank with weak sequence patterns and structural constraints}",
   Journal="J Mol Biol",
   Year="2000",
   Volume="304",
   Number="4",
   Pages="599-619",
   Month="Dec",
    OPTpmid="11099383"
}

% 9808944 (JID)
@Article{stormo2000dna,
   Author="Stormo, G D",
   Title="{DNA binding sites: representation and discovery}",
   Journal="Bioinformatics",
   Year="2000",
   Volume="16",
   Number="1",
   Pages="16-23",
   Month="Jan",
   Note="Historical Article",
    OPTpmid="10812473"
}

% 9808944 (JID)
@Article{lepre2004genes,
   Author="Lepre, Jorge and Rice, J Jeremy and Tu, Yuhai and Stolovitzky, Gustavo",
   Title="{Genes@Work: an efficient algorithm for pattern discovery and multivariate feature selection in gene expression data}",
   Journal="Bioinformatics",
   Year="2004",
   Volume="20",
   Number="7",
   Pages="1033-1044",
   Month="May",
   Note="Evaluation Studies",
    OPTpmid="14764572"
}

@inproceedings{mancheron2003pattern,
   Author="Mancheron, A and Rusu, I",
   Title="{Pattern discovery allowing wild-cards, substitution matrices, and multiple score functions}",
    booktitle = "{Algorithms in Bioinformatics, Proceedings Lecture notes in Bioinformatics}",
    publisher = "Springer--Verlag",
    pages = "124--138",
    year = "2003",
}

% 9878362 (JID)
@Article{cai2002support,
   Author="Cai, Yu-Dong and Liu, Xiao-Jun and Xu, Xue-Biao and Chou, Kuo-Chen",
   Title="{Support Vector Machines for predicting HIV protease cleavage sites in protein}",
   Journal="J Comput Chem",
   Year="2002",
   Volume="23",
   Number="2",
   Pages="267-274",
   Month="Jan",
    OPTpmid="11924738"
}

% 9808944 (JID)
@Article{rognvaldsson2004why,
   Author="Rognvaldsson, Thorsteinn and You, Liwen",
   Title="{Why neural networks should not be used for HIV-1 protease cleavage site prediction}",
   Journal="Bioinformatics",
   Year="2004",
   Volume="20",
   Number="11",
   Pages="1702-1709",
   Month="Jul",
    OPTpmid="14988129"
}

% 8913494 (JID)
@Article{cuervo1988magainins,
   Author="Cuervo, J H and Rodriguez, B and Houghten, R A",
   Title="{The Magainins: sequence factors relevant to increased antimicrobial activity and decreased hemolytic activity}",
   Journal="Pept Res",
   Year="1988",
   Volume="1",
   Number="2",
   Pages="81-86",
   Month="Nov",
   OPTpmid="2980783"
}

@InBook{zasloff2001commercial,
  pages =        "261--270",
  title =        "The Commercial Development of the Antimicrobial Peptide Pexiganan",
  publisher =    "Horizon Scientific Press",
  year =         "2001",
  editor =       "Karl Lohner",
  author =       "Zasloff, Michael",
  series =       "Development of Novel Antibiotic Agents: Emerging Strategies",
  address =      "Wymondham, UK",
  OPTedition =      "4th",
  chapter =   "18",
}


% 2985121R (JID)
@Article{kondejewski2002optimization,
   Author="Kondejewski, Leslie H and Lee, Darin L and Jelokhani-Niaraki, Masood and Farmer, Susan W and Hancock, Robert E W and Hodges, Robert S",
   Title="{Optimization of microbial specificity in cyclic peptides by modulation of hydrophobicity within a defined structural framework}",
   Journal="J Biol Chem",
   Year="2002",
   Volume="277",
   Number="1",
   Pages="67-74",
   Month="Jan",
    OPTpmid="11682479"
}

% 0370623 (JID)
@Article{wu1999mechanism,
   Author="Wu, M and Maier, E and Benz, R and Hancock, R E",
   Title="{Mechanism of interaction of different classes of cationic antimicrobial peptides with planar bilayers and with the cytoplasmic membrane of Escherichia coli}",
   Journal="Biochemistry",
   Year="1999",
   Volume="38",
   Number="22",
   Pages="7235-7242",
   Month="Jun",
    OPTpmid="10353835"
}

% 0401141 (JID)
@Article{huang2004molecular,
   Author="Huang, Huey W and Chen, Fang-Yu and Lee, Ming-Tao",
   Title="{Molecular mechanism of Peptide-induced pores in membranes}",
   Journal="Phys Rev Lett",
   Year="2004",
   Volume="92",
   Number="19",
   Pages="198304",
   Month="May",
    OPTurl = {http://link.aps.org/abstract/PRL/v92/e198304},
    OPTpmid="15169456"
}

@Article{shai1999mechanism,
   Author="Shai, Y",
   Title="{Mechanism of the binding, insertion and destabilization of phospholipid bilayer membranes by alpha-helical antimicrobial and cell non-selective membrane-lytic peptides}",
   Journal="Biochim Biophys Acta",
   Year="1999",
   Volume="1462",
   Number="1-2",
   Pages="55-70",
   Month="Dec",
    OPTpmid="10590302"
}

@Article{chen2002sigmoidal,
   Author="Chen, Fang-Yu and Lee, Ming-Tao and Huang, Huey W",
   Title="{Sigmoidal concentration dependence of antimicrobial peptide activities: a case study on alamethicin}",
   Journal="Biophys J",
   Year="2002",
   Volume="82",
   Number="2",
   Pages="908-914",
   Month="Feb",
    OPTpmid="11806932"
}

@Article{casteels1994apidaecin,
   Author="Casteels, P and Tempst, P",
   Title="{Apidaecin-type peptide antibiotics function through a non-poreforming mechanism involving stereospecificity}",
   Journal="Biochem Biophys Res Commun",
   Year="1994",
   Volume="199",
   Number="1",
   Pages="339-345",
   Month="Feb",
    OPTpmid="8123032",
    OPTurl="http://www.sciencedirect.com/science/article/B6WBK-45P0Y4N-97/2/28fd85f07c41a885a90f61c842d18d77"
}


@article{hofacker2004alignment,
author = {Hofacker, Ivo L. and Bernhart, Stephan H. F. and Stadler, Peter F.},
title = {{Alignment of RNA base pairing probability matrices}},
journal = {Bioinformatics},
volume = {20},
number = {14},
pages = {2222-2227},
year = {2004},
OPTurl = {http://bioinformatics.oupjournals.org/cgi/content/abstract/20/14/2222},
OPTeprint = {http://bioinformatics.oupjournals.org/cgi/reprint/20/14/2222.pdf},
OPTpmid = "15073017",
}

@Article{wingender2000transfac,
    author = "Wingender, E. and Chen, X. and Hehl, R. and Karas, H. and Liebich, I. and Matys, V. and Meinhardt, T. and Pr{\"u}ss, M. and Reuter, I. and Schacherer, F.",
    title = "{TRANSFAC: an integrated system for gene expression regulation}",
    journal = "Nucleic Acids Res",
    year = "2000",
    volume = "28",
    number = "1",
    pages = "316-319",
    month = "Jan",
    OPTpmid = "10592259",
    OPTurl = "{http://www.hubmed.org/display.cgi?issn=\&uids=10592259}"
}

@article{sinha2000statistical,
    author = "S. Sinha and M. Tompa",
    title = "A statistical method for finding transcription factor binding sites.",
    journal = "8th Intell. Sys. Molec. Biol. (ISMB)",
    pages = "344--354",
    year = "2000",
    OPTurl = "citeseer.ist.psu.edu/sinha00statistical.html"
}



@misc{sinha2003performance,
  author = "S. Sinha and M. Tompa",
  title = "Performance comparison of algorithms for finding transcription factor binding
    sites",
  text = "S. Sinha and M. Tompa. Performance comparison of algorithms for finding
    transcription factor binding sites. In 3rd IEEE Symposium on Bioinformatics
    and Bioengineering, IEEE Press, pages 214--220, 2003.",
  year = "2003",
  OPTurl = "citeseer.ist.psu.edu/sinha03performance.html"
}

@inproceedings{pevzner2000combinatorial,
    author = "P. A. Pevzner and S.H. Sze",
    title = "Combinatorial Approaches to Finding Subtle Signals in {DNA} Sequences",
    booktitle = "Proceedings International Conference on Intelligent Systems for Molecular Biology",
    publisher = "{AAAI }Press",
    pages = "269--278",
    year = "2000",
    OPTurl = "citeseer.ist.psu.edu/pevzner00combinatorial.html"
}

@BOOK{duda1973pattern,
  author = "R. Duda and P. Hart",
  title = "Pattern classification and scene analysis",
  publisher =    {John Wiley and Sons},
  year =         {1973},
  address =      {New York},
  annote =       {general pattern classification},
}

@book{tou1974pattern,
    author = "J. T. Tou and R. C. Gonzalez",
    title = "Pattern Recognition Principles",
    publisher = "Addison--Wesley",
    address = "Reading, Massachusetts",
    year = "1974"
}


% 9808944 (JID)
@Article{hertz1999identifying,
   Author="Hertz, G Z and Stormo, G D",
   Title="{Identifying DNA and protein patterns with statistically significant alignments of multiple sequences}",
   Journal="Bioinformatics",
   Year="1999",
   Volume="15",
   Number="7-8",
   Pages="563-577",
   Month="Jul",
    OPTannote="9808944",
    OPTannote="describes the consensus pattern discovery tool"
}

@Article{henikoff1995automated,
   Author="Henikoff, S and Henikoff, J G and Alford, W J and Pietrokovski, S",
   Title="{Automated construction and graphical presentation of protein blocks from unaligned sequences}",
   Journal="Gene",
   Year="1995",
   Volume="163",
   Number="2",
   Pages="GC17-26",
   Month="Oct",
    OPTannote="7590261",
    OPTannote="describes the Block-maker sampler pattern discovery tool"
}

% 0404511 (JID)
@Article{lawrence1993detecting,
   Author="Lawrence, C E and Altschul, S F and Boguski, M S and Liu, J S and Neuwald, A F and Wootton, J C",
   Title="{Detecting subtle sequence signals: a Gibbs sampling strategy for multiple alignment}",
   Journal="Science",
   Year="1993",
   Volume="262",
   Number="5131",
   Pages="208-214",
   Month="Oct",
    OPTannote="8211139",
    OPTannote="describes the Gibbs sampler pattern discovery tool"
}

% 9509125 (JID)
@Article{bailey1994fitting,
   Author="Bailey, T L and Elkan, C",
   Title="{Fitting a mixture model by expectation maximization to discover motifs in biopolymers}",
   Journal="Proc Int Conf Intell Syst Mol Biol",
   Year="1994",
   Volume="2",
   Pages="28-36",
    OPTannote="7584402",
    OPTannote="describes the MEME pattern discovery tool"
}

@Article{jonassen1995finding,
   Author="Jonassen, I and Collins, J F and Higgins, D G",
   Title="{Finding flexible patterns in unaligned protein sequences}",
   Journal="Protein Sci",
   Year="1995",
   Volume="4",
   Number="8",
   Pages="1587-1595",
   Month="Aug",
    OPTannote="8520485",
    OPTannote="describes the pratt pattern discovery tool"
}

@Article{martemyanov2001cell,
   Author="Martemyanov, K A and Shirokov, V A and Kurnasov, O V and Gudkov, A T and Spirin, A S",
   Title="{Cell-free production of biologically active polypeptides: application to the synthesis of antibacterial peptide cecropin}",
   Journal="Protein Expr Purif",
   Year="2001",
   Volume="21",
   Number="3",
   Pages="456-461",
   Month="Apr",
    OPTannote="11281721"
}

% 7605801 (JID)
@Article{taguchi1996functional,
   Author="Taguchi, S and Ozaki, A and Nakagawa, K and Momose, H",
   Title="{Functional mapping of amino acid residues responsible for the antibacterial action of apidaecin}",
   Journal="Appl Environ Microbiol",
   Year="1996",
   Volume="62",
   Number="12",
   Pages="4652-4655",
   Month="Dec",
    OPTannote="8953737"
}


% 7505876 (JID)
@Article{zasloff1988antimicrobial,
   Author="Zasloff, M and Martin, B and Chen, H C",
   Title="{Antimicrobial activity of synthetic magainin peptides and several analogues}",
   Journal="Proc Natl Acad Sci U S A",
   Year="1988",
   Volume="85",
   Number="3",
   Pages="910-913",
   Month="Feb",
    OPTannote="3277183"
}


@article{biragyn2002toll,
author = {Biragyn, Arya and Ruffini, Pier Adelchi and Leifer, Cynthia A. and Klyushnenkova, Elena and Shakhov, Alexander and Chertov, Oleg and Shirakawa, Aiko K. and Farber, Joshua M. and Segal, David M. and Oppenheim, Joost J. and Kwak, Larry W.},
title = {{Toll-Like Receptor 4-Dependent Activation of Dendritic Cells by beta -Defensin 2 }},
journal = {Science},
volume = {298},
number = {5595},
pages = {1025-1029},
year = {2002},
abstract = {},
OPTurl = {http://www.sciencemag.org/cgi/content/abstract/298/5595/1025},
OPTeprint = {http://www.sciencemag.org/cgi/reprint/298/5595/1025.pdf},
OPTannote="12411706"
}


@Article{bell2003arming,
   Author="Bell, Graham. and Gouyon, Pierre.-Henri",
   Title="{Arming the enemy: the evolution of resistance to self-proteins}",
   Journal="Microbiology",
   Year="2003",
   Volume="149",
   Number="Pt 6",
   Pages="1367-1375",
   Month="Jun",
   OPTannote="12777478"
}

@Article{achard2001xml,
  author =       "F. Achard and G. Vaysseix and E. Barillot",
  title =        "{XML, bioinformatics and data integration}",
  journal =      "Bioinformatics",
  year =         "2001",
  volume =       "17",
  pages =        "115--25",
  OPTannote =    "11238067",
}

@InProceedings{agrawal1995mining,
  author =       "Rakesh Agrawal and Ramakrishnan Srikant",
  title =        "Mining sequential patterns",
  booktitle =    "Eleventh International Conference on Data
                 Engineering",
  year =         "1995",
  editor =       "Philip S. Yu and Arbee S. P. Chen",
  pages =        "3--14",
  address =      "Taipei, Taiwan",
  publisher =    "IEEE Computer Society Press",
  OPTurl =          "citeseer.nj.nec.com/agrawal95mining.html",
}

@InProceedings{alimoglu1996methods,
  author =       "F. Alimoglu and E. Alpaydin",
  title =        "Methods of combining multiple classifiers based on
                 different representations for pen--based handwriting
                 recognition",
  booktitle =    "Proceedings of the Fifth Turkish Artificial
                 Intelligence and Artificial Neural Networks Symposium",
  year =         "1996",
  address =      "Istanbul, Turkey",
}

@InProceedings{alimoglu1997combining,
  author =       "F. Alimoglu and E. Alpaydin",
  title =        "Combining multiple representations and classifiers for
                 pen--based handwritten digit recognition",
  booktitle =    "Proceedings of the Fourth International Conference on
                 Document Analysis and Recognition",
  year =         "1997",
  address =      "Ulm, Germany",
}

@Article{altschul1990basic,
  author =       "S. F. Altschul and W. Gish and W. Miller and E. W.
                 Myers and D. J. Lipman",
  title =        "{Basic local alignment search tool}",
  journal =      "J Mol Biol",
  year =         "1990",
  volume =       "215",
  pages =        "403--10",
  OPTannote =    "2231712",
}

@Article{altschul1991amino,
  author =       "S. F. Altschul",
  title =        "{Amino acid substitution matrices from an information
                 theoretic perspective}",
  journal =      "J Mol Biol",
  year =         "1991",
  volume =       "219",
  pages =        "555--65",
  OPTannote =    "2051488",
}

@Article{altschul1996local,
  author =       "S. F. Altschul and W. Gish",
  title =        "{Local alignment statistics}",
  journal =      "Methods Enzymol",
  year =         "1996",
  volume =       "266",
  pages =        "460--80",
  OPTannote =    "8743700",
}

@Article{altschul1997gapped,
  author =       "S. F. Altschul and T. L. Madden and A. A. Schaffer
                 Zhang and J. and Z. Zhang and W. Miller and D. J.
                 Lipman",
  title =        "{Gapped BLAST and PSI-BLAST: a new generation of
                 protein database search programs}",
  journal =      "Nucleic Acids Res",
  year =         "1997",
  volume =       "25",
  pages =        "3389--402",
  OPTannote =    "9254694",
}

@Article{altschul2001theestimation,
  author =       "S. F. Altschul and R. Bundschuh and R. Olsen and T.
                 Hwa",
  title =        "The estimation of statistical parameters for local
                 alignment score distributions",
  journal =      "Nucleic Acids Research",
  year =         "2001",
  volume =       "29",
  number =       "2",
  pages =        "351--361",
}

@InBook{amsterdam1996susceptibility,
  pages =        "52--111",
  title =        "Susceptibility testing of antimicrobials in liquid
                 media",
  publisher =    "Williams \& Wilkins",
  year =         "1996",
  editor =       "V. Lorian",
  author =       "D. Amsterdam",
  series =       "Antibiotics in Laboratory Medicine",
  address =      "Baltimore, MD",
  edition =      "4th",
  OPTchapter =   "1",
}

@Misc{tossi2002antimicrobial,
  author =       "Alessandro Tossi",
  title =        "Antimicrobial Sequences Database ({AMSDb})",
  year =         "2002",
  institution =  "University of Trieste, Dipartimento di Biochimica,
                 Biofisica e, Chimica delle Macromolecole",
  note = "http://www.bbcm.univ.trieste.it/~tossi/amsdb.html",
  OPTurl =          "http://www.bbcm.univ.trieste.it/~tossi/pag1.htm",
}

@Article{argos1982structural,
  author =       "P. Argos and J. K. Rao and P. A. Hargrave",
  title =        "{Structural prediction of membrane-bound proteins}",
  journal =      "Eur J Biochem",
  year =         "1982",
  volume =       "128",
  number =       "2-3",
  pages =        "565--575",
  month =        nov,
}

@Article{attwood2003prints,
  author =       "T. K. Attwood and P. Bradley and D. R. Flower and A.
                 Gaulton and N. Maudling and A. L. Mitchell and G.
                 Moulton and A. Nordle and K. Paine and P. Taylor and A.
                 Uddin and C. Zygouri",
  title =        "{PRINTS and its automatic supplement, prePRINTS}",
  journal =      "Nucleic Acids Res",
  year =         "2003",
  volume =       "31",
  pages =        "400--2",
  OPTannote =    "12520033",
}

@Article{ayala1997genetics,
  author =       "F. J. Ayala and W. M. Fitch",
  title =        "{Genetics and the origin of species: an
                 introduction}",
  journal =      "Proc Natl Acad Sci U S A",
  year =         "1997",
  volume =       "94",
  pages =        "7691--7",
  OPTannote =    "9223250",
}

@Article{bairoch2000swiss-prot,
   Author="Bairoch, A. and Apweiler, R.",
   Title="{The SWISS-PROT protein sequence database and its supplement TrEMBL in 2000}",
   Journal="Nucleic Acids Res",
   Year="2000",
   Volume="28",
   Number="1",
   Pages="45-48",
   Month="Jan",
   optannote="10592178"
}


@Article{barillas2000mosquito,
  author =       "C. Barillas--Mury and B. Wizel and Y. S. Han",
  title =        "{Mosquito immune responses and malaria transmission:
                 lessons from insect model systems and implications for
                 vertebrate innate immunity and vaccine development}",
  journal =      "Insect Biochem Mol Biol",
  year =         "2000",
  volume =       "30",
  number =       "6",
  pages =        "429--442",
  month =        jun,
}

@Article{bendor1999clustering,
  author =       "Amir Ben-Dor and Ron Shamir and Zohar Yakhini",
  title =        "Clustering Gene Expression Patterns",
  journal =      "Journal of Computational Biology",
  year =         "1999",
  volume =       "6",
  number =       "3/4",
  pages =        "281--297",
  OPTurl =          "citeseer.nj.nec.com/305183.html",
}

@Article{benson2000genbank,
  author =       "D. A. Benson and I. Karsch-Mizrachi and D. J. {Lipman
                 } and J. Ostell and B. A. Rapp and D. L. Wheeler",
  title =        "{GenBank}",
  journal =      "Nucleic Acids Res",
  year =         "2000",
  volume =       "28",
  pages =        "15--8",
  OPTannote =    "10592170",
}

@Article{bierbaum1985induction,
  author =       "G. Bierbaum and H. G. Sahl",
  title =        "{Induction of autolysis of staphylococci by the basic
                 peptide antibiotics Pep 5 and nisin and their influence
                 on the activity of autolytic enzymes}",
  journal =      "Arch Microbiol",
  year =         "1985",
  volume =       "141",
  pages =        "249--54",
  OPTannote =    "4004448",
}

@Article{blondelle2000combinatorial,
  author =       "S. E. Blondelle and K. Lohner",
  title =        "{Combinatorial libraries: a tool to design
                 antimicrobial and antifungal peptide analogues having
                 lytic specificities for structure-activity relationship
                 studies}",
  journal =      "Biopolymers",
  year =         "2000",
  volume =       "55",
  pages =        "74--87",
  OPTannote =    "10931443",
}

@Article{boguski1993dbest,
  author =       "M. S. Boguski and T. M. Lowe and C. M. Tolstoshev",
  title =        "{dbEST--database for expressed sequence tags}",
  journal =      "Nat Genet",
  year =         "1993",
  volume =       "4",
  number =       "4",
  pages =        "332--333",
  month =        aug,
  note =         "Letter",
}

@Article{borodovsky1993genmark,
  author =       "M. Borodovsky and J. McIninch",
  title =        "{GENMARK}: parallel gene recognition for both {DNA}
                 strands",
  journal =      "Computers in Chemistry",
  year =         "1993",
  volume =       "17",
  number =       "2",
  pages =        "123--133",
}

@Article{bowman2003antibacterial,
   Author="Boman, H. G.",
   Title="{Antibacterial peptides: basic facts and emerging concepts}",
   Journal="J Intern Med",
   Year="2003",
   Volume="254",
   Number="3",
   Pages="197-215",
   Month="Sep",
   optannote="12930229"
}

@Article{bradley2002trilogy,
  author =       "P. Bradley and P. S. Kim and B. Berger",
  title =        "{TRILOGY: Discovery of sequence-structure patterns
                 across diverse proteins}",
  journal =      "Proc Natl Acad Sci U S A",
  year =         "2002",
  volume =       "99",
  pages =        "8500--5",
  OPTannote =    "12084910",
}

@Article{brazma1997approaches,
  author =       "A. Brazma and I. Jonassen and I. Eidhammer and D.
                 Gilbert",
  title =        "Approaches to the automatic discovery of patterns in
                 biosequences",
  journal =      "Journal of Computational Biology",
  year =         "1997",
}

@Article{brazma1998predicting,
  author =       "A. Brazma and I. Jonassen and J. Vilo and E. Ukkonen",
  title =        "{Predicting gene regulatory elements in silico on a
                 genomic scale}",
  journal =      "Genome Res",
  year =         "1998",
  volume =       "8",
  pages =        "1202--15",
  OPTannote =    "9847082",
}

@Article{brazma2001onthe,
  author =       "A. Brazma",
  title =        "On the importance of standardization in life
                 sciences",
  journal =      "Bioinformatics",
  year =         "2001",
  volume =       "2",
  number =       "17",
  pages =        "113--114",
}

@inproceedings{brazma1998pattern,
    author = "Brazma and Jonassen and Vilo and Ukkonen",
    title = "Pattern Discovery in Biosequences",
    booktitle = "{ICGI}: International Colloquium on Grammatical Inference and Applications",
    year = "1998",
    url = "citeseer.nj.nec.com/brazma98pattern.html" }

@BOOK{gusfield1997algorithms,
  author =       {D. Gusfield},
  title =        {Algorithms on Strings, Trees and Sequences: Computer Science and Computational Biology},
  publisher =    {Cambridge University Press},
  year =         {1997},
  address =      {New York},
  annote =       {general comp bio algorithms - also, definition of consensus sequence},
}

@article{martinez1988flexible,
    author = "H. M. Martinez",
    title = "A flexible multiple sequence alignment program",
    journal = "Nucleic Acids Research",
    volume = "16",
    number = "5A",
    pages = "1683--1692",
    year = "1988"
}

@article{smith1990automatic,
    author = "R. F. Smith and T. S. Smith",
    title = "Automatic generation of primary sequence patterns from sets of related protein sequences.",
    journal = "Proceedings of the National Academy of Science",
    volume = "87",
    pages = "118--122",
    year = "1990"
}
@inproceedings{shinohara1982poly,
    author = "T. Shinohara",
    title = "Polynomial Time Inference of Extended Regular Pattern Languages",
    booktitle = "{RIMS} Symposium on Software Science and Engineering, Kyoto, 1982, Proceedings",
    volume = "147",
    publisher = "Springer--Verlag",
    pages = "115--127",
    year = "1982"
}
@inproceedings{nix1984editing,
    author = "Robert Nix",
    title = "Editing by Example",
    booktitle = "Conference Record of the Eleventh Annual (ACM) Symposium on Principles of Programming Languages",
    address = "Salt Lake City, Utah",
    pages = "186--195",
    year = "1984"
}

@ARTICLE{queen1982improvements,
  author = "C. Queen and M. Wegman and L. Korn",
  title = "Improvements to a program for DNA analysis: a procedure to find homologies
    among many sequences",
  journal =      {Nucleic Acids Research},
  year =         {1982},
  volume =       {10},
  number =       {},
  pages =        {449--456},
  annote =       {pattern driven pat disc},
}

@article{roytberg1992search,
    author = "M. A. Roytberg",
    title = "A search for common pattern in many sequences",
    journal = "Computer Applications in the Biosciences",
    volume = "8",
    pages = "57--64",
    year = "1992"
}



@inproceedings{neville1997enumerating,
    author = "C. Neville--Manning and K. Sethi and D. Wu and D. Brutlag",
    title = "Enumerating and ranking discrete motifs",
    booktitle = "International Conference on Intelligent Systems for Molecular Biology",
    year = "1997"
}

@Article{brent2000genomic,
  author =       "R. Brent",
  title =        "{Genomic biology}",
  journal =      "Cell",
  year =         "2000",
  volume =       "100",
  pages =        "169--83",
  OPTannote =    "10647941",
}

@InProceedings{buhler2001finding,
  author =       "Jeremy Buhler and Martin Tompa",
  title =        "Finding motifs using random projections",
  booktitle =    "Proceedings of the fifth annual international
                 conference on Computational biology",
  year =         "2001",
  pages =        "69--76",
  publisher =    "ACM Press",
  doi =          "http://doi.acm.org/10.1145/369133.369172",
  ISBN =         "1-58113-353-7",
  location =     "Montreal, Quebec, Canada",
}

@Article{bulet1993novel,
  author =       "P. Bulet and J. L. Dimarcq and C. Hetru and M. Lagueux
                 and M. Charlet and G. Hegy and A. Van Dorsselaer. and
                 J. A. Hoffmann",
  title =        "{A novel inducible antibacterial peptide of Drosophila
                 carries an O-glycosylated substitution}",
  journal =      "J Biol Chem",
  year =         "1993",
  volume =       "268",
  number =       "20",
  pages =        "14893--14897",
  month =        jul,
}

@Article{burge2000prediction,
  author =       "C. Burge and S. Karlin",
  title =        "Prediction of complete gene structures in human
                 genomic {DNA}",
  journal =      "Journal of Molecular Biology",
  year =         "1997",
  volume =       "268",
  pages =        "78--94",
}

@Article{cassell2001development,
  author =       "G. H. Cassell and J. Mekalanos",
  title =        "{Development of antimicrobial agents in the era of new
                 and reemerging infectious diseases and increasing
                 antibiotic resistance}",
  journal =      "JAMA",
  year =         "2001",
  volume =       "285",
  pages =        "601--5",
  OPTannote =    "11176866",
}

@Article{chan1999recognizing,
  author =       "Kam--Fai Chan and Dit--Yan Yeung",
  title =        "Recognizing on--line handwritten alphanumeric
                 characters through flexible structural matching",
  journal =      "Pattern Recognition",
  year =         "1999",
  volume =       "32",
  pages =        "1099--1114",
}

@Article{chen2001rgdtachyplesin,
   Author="Chen, Y. and Xu, X. and Hong, S. and Chen, J. and Liu, N. and Underhill, C. B. and Creswell, K. and Zhang, L.",
   Title="{RGD-Tachyplesin inhibits tumor growth}",
   Journal="Cancer Res",
   Year="2001",
   Volume="61",
   Number="6",
   Pages="2434-2438",
   Month="Mar",
   optannote="11289111"
}

@book{chomsky1965aspects,
    author = "N. Chomsky",
    title = "{Aspects of the theory of syntax}",
    publisher = "MIT Press",
    address = "Cambridge, Massachusetts",
    year = "1965"
}

@book{chomsky1957syntactic,
    author = "N. Chomsky",
    title = "Syntactic Structures",
    publisher = "Mouton and Co.",
    address = "The Hague",
    year = "1957"
}

@Article{chomsky1956three,
  author =       "Noam Chomsky",
  title =        "Three models for the description of language",
  journal =      "IRE Transactions on Information Theory",
  year =         "1956",
  volume =       "2",
  pages =        "113--124",
}

@Article{christophides2002immunity,
  author =       "George. K. Christophides and Evgeny. Zdobnov and
                 Carolina. Barillas-Mury and Ewan. Birney and Stephanie.
                 Blandin and Claudia. Blass and Paul. T. Brey and Frank.
                 H. Collins and Alberto. Danielli and George. Dimopoulos
                 and Charles. Hetru and Ngo. T. Hoa and Jules. A.
                 Hoffmann and Stefan. M. Kanzok and Ivica. Letunic and
                 Elena. A. Levashina and Thanasis. G. Loukeris and
                 Gareth. Lycett and Stephan. Meister and Kristin. Michel
                 and Luis. F. Moita and Hans.-Michael Muller and Mike.
                 A. Osta and Susan. M. Paskewitz and Jean.-Marc
                 Reichhart and Andrey. Rzhetsky and Laurent. Troxler and
                 Kenneth. D. Vernick and Dina. Vlachou and Jennifer.
                 Volz and Christian. von Mering. and Jiannong. Xu and
                 Liangbiao. Zheng and Peer. Bork and Fotis. C. Kafatos",
  title =        "{Immunity--related genes and gene families in
                 Anopheles gambiae}",
  journal =      "Science",
  year =         "2002",
  volume =       "298",
  number =       "5591",
  pages =        "159--165",
  month =        oct,
}

@Article{cociancic1994novel,
  author =       "S. Cociancich and A Dupont and G. Hegy and R. Lanot
                 and F. Holder and C. Hetru and J. A. Hoffman and P.
                 Bulet",
  title =        "Novel inducible antibacterial peptide from a
                 hemipteran insect, the sap--sucking bug
                 \emph{pyrrhocoris aptarus}",
  journal =      "Biochemical Journal",
  year =         "1994",
  OPTpages =     "567--575",
  OPTannote =    "Describes the minimal inhibitory concentration (MIC)
                 for testing the activity of ab peptides. NEED TO GET
                 THIS PAPER",
  OPTvolume =    "300",
}

@InCollection{dayhoff1979amodel,
  author =       "M. O. Dayhoff and R. M. Schwartz and B. C. Orcutt",
  title =        "A model of evolutionary change in proteins",
  booktitle =    "Atlas of Protein Structure",
  publisher =    "National Biomedical Reasearch Foundataion",
  year =         "1978",
  editor =       "M. O. Dayhoff",
  volume =       "5(Suppl. 3)",
  pages =        "345--352",
  address =      "Silver Spring, Md.",
}

@Article{dehal2002thedraft,
  author =       "Paramvir Dehal and Yutaka Satou and Robert K. Campbell
                 and Jarrod Chapman and Bernard Degnan and Anthony De
                 Tomaso and Brad Davidson and Anna Di Gregorio and
                 Maarten Gelpke and David M. Goodstein and Naoe Harafuji
                 and Kenneth E. M. Hastings and Isaac Ho and Kohji Hotta
                 and Wayne Huang and Takeshi Kawashima and Patrick
                 Lemaire and Diego Martinez and Ian A. Meinertzhagen and
                 Simona Necula and Masaru Nonaka and Nik Putnam and Sam
                 Rash and Hidetoshi Saiga and Masanobu Satake and Astrid
                 Terry and Lixy Yamada and Hong-Gang Wang and Satoko
                 Awazu and Kaoru Azumi and Jeffrey Boore and Margherita
                 Branno and Stephen Chin-bow and Rosaria DeSantis and
                 Sharon Doyle and Pilar Francino and David N. Keys and
                 Shinobu Haga and Hiroko Hayashi and Kyosuke Hino and
                 Kaoru S. Imai and Kazuo Inaba and Shungo Kano and Kenji
                 Kobayashi and Mari Kobayashi and Byung-In Lee and
                 Kazuhiro W. Makabe and Chitra Manohar and Giorgio
                 Matassi and Monica Medina and Yasuaki Mochizuki and
                 Steve Mount and Tomomi Morishita and Sachiko Miura and
                 Akie Nakayama and Satoko Nishizaka and Hisayo Nomoto
                 and Fumiko Ohta and Kazuko Oishi and Isidore Rigoutsos
                 and Masako Sano and Akane Sasaki and Yasunori Sasakura
                 and Eiichi Shoguchi and Tadasu Shin-i and Antoinetta
                 Spagnuolo and Didier Stainier and Miho M. Suzuki and
                 Olivier Tassy and Naohito Takatori and Miki Tokuoka and
                 Kasumi Yagi and Fumiko Yoshizaki and Shuichi Wada and
                 Cindy Zhang and P. Douglas Hyatt and Frank Larimer and
                 Chris Detter and Norman Doggett and Tijana Glavina and
                 Trevor Hawkins and Paul Richardson and Susan Lucas and
                 Yuji Kohara and Michael Levine and Nori Satoh and
                 Daniel S. Rokhsar",
  title =        "{The Draft Genome of Ciona intestinalis: Insights into
                 Chordate and Vertebrate Origins}",
  journal =      "Science",
  year =         "2002",
  volume =       "298",
  number =       "5601",
  pages =        "2157--2167",
  OPTurl =          "http://www.sciencemag.org/cgi/content/abstract/298/5601/2157",
  OPTeprint =       "http://www.sciencemag.org/cgi/reprint/298/5601/2157.pdf",
}

@Article{devauchelle2001rate,
  author =       "C. Devauchelle and A. Grossmann and A. Henaut and M.
                 Holschneider and M. Monnerot and J. L. Risler and B.
                 Torresani",
  title =        "{Rate matrices for analyzing large families of protein
                 sequences}",
  journal =      "J Comput Biol",
  year =         "2001",
  volume =       "8",
  pages =        "381--99",
  OPTannote =    "11571074",
}

@Article{dhaeseleer2000genetic,
  author =       "P. D'Haeseleer and S. Liang and R. Somogyi",
  title =        "Genetic network inference: From co-expression
                 clustering to reverse engineering",
  journal =      "Bioinformatics",
  year =         "2000",
  volume =       "16",
  number =       "8",
  pages =        "707--726",
  annote =       "gene expression clustering",
}

@Article{dietterich1995solving,
  author =       "T. G. Dietterich and G. Bakiri",
  title =        "Solving multiclass learning problems via
                 error--correcting output codes",
  journal =      "Journal of Artificial Intelligence Research",
  year =         "1995",
  volume =       "2",
  pages =        "263--286",
}

@TechReport{doe1992primer,
  author =       "Department of Energy",
  title =        "Primer on molecular genetics",
  institution =  "Office of Energy Research, Office of Health and
                 Environmental Research",
  year =         "1992",
  OPTmonth =     "June",
}

@Article{dosztanyi2001amino,
  author =       "Z. Dosztanyi and A. E. Torda",
  title =        "{Amino acid similarity matrices based on force
                 fields}",
  journal =      "Bioinformatics",
  year =         "2001",
  volume =       "17",
  pages =        "686--99",
  OPTannote =    "11524370",
}

@Article{dsouza1997searching,
  author =       "M. Dsouza and N. Larsen and R. Overbeek",
  title =        "{Searching for patterns in genomic data}",
  journal =      "Trends Genet",
  year =         "1997",
  volume =       "13",
  pages =        "497--8",
  OPTannote =    "9433140",
}

@Article{dushay1996origins,
  author =       "M. S. Dushay and B. Asling and D. Hultmark",
  title =        "{Origins of immunity: Relish, a compound Rel-like gene
                 in the antibacterial defense of Drosophila}",
  journal =      "Proc Natl Acad Sci U S A",
  year =         "1996",
  volume =       "93",
  pages =        "10343--7",
  OPTannote =    "8816802",
}

@Article{dushay2000two,
  author =       "M. S. Dushay and J. B. Roethele and J. M. Chaverri
                 Dulek and D. E. and S. K. Syed and T. Kitami and E. D.
                 Eldon",
  title =        "{Two attacin antibacterial genes of Drosophila
                 melanogaster}",
  journal =      "Gene",
  year =         "2000",
  volume =       "246",
  pages =        "49--57",
  OPTannote =    "10767526",
}

@Article{dutheil2002baobab,
  author =       "J. Dutheil and N. Galtier",
  title =        "{BAOBAB: a Java editor for large phylogenetic trees}",
  journal =      "Bioinformatics",
  year =         "2002",
  volume =       "18",
  pages =        "892--3",
  OPTannote =    "12075029",
}

@Article{eisen1998cluster,
  author =       "M. B. Eisen and P. T. Spellman and P. O. Brown and D.
                 Botstein",
  title =        "{Cluster analysis and display of genome-wide
                 expression patterns}",
  journal =      "Proc Natl Acad Sci U S A",
  year =         "1998",
  volume =       "95",
  pages =        "14863--8",
  OPTannote =    "9843981",
}

@Article{ellerby1999anticancer,
   Author="Ellerby, H. M. and Arap, W. and Ellerby, L. M. and Kain, R. and Andrusiak, R. and Rio, G. D. and Krajewski, S. and Lombardo, C. R. and Rao, R. and Ruoslahti, E. and Bredesen, D. E. and Pasqualini, R.",
   Title="{Anti-cancer activity of targeted pro-apoptotic peptides}",
   Journal="Nat Med",
   Year="1999",
   Volume="5",
   Number="9",
   Pages="1032-1038",
   Month="Sep",
   optannote="10470080"
}

@Misc{entrez2004website,
  author =       "NCBI",
  title =        "Entrez cross-database search engine",
  howpublished = "http://www.ncbi.nlm.nih.gov/Entrez/",
  year =         "2004",
  OPTurl =       "http://www.ncbi.nlm.nih.gov/Entrez/",
}

@Article{epand1999diversity,
  author =       "R. M. Epand and H. J. Vogel",
  title =        "{Diversity of antimicrobial peptides and their
                 mechanisms of action}",
  journal =      "Biochim Biophys Acta",
  year =         "1999",
  volume =       "1462",
  pages =        "11--28",
  OPTannote =    "10590300",
}

@Article{felsenstein1989phylip,
  author =       "J. Felsenstein",
  title =        "Phylogeny Inference Package (Version 3.2)",
  journal =      "Cladistics",
  year =         "1989",
  volume =       "5",
  pages =        "164--166",
}

@Article{fickett1997eukaryotic,
  author =       "J. W. Fickett and A. G. Hatzigeorgiou",
  title =        "{Eukaryotic promoter recognition}",
  journal =      "Genome Res",
  year =         "1997",
  volume =       "7",
  pages =        "861--78",
  OPTannote =    "9314492",
}

@PhdThesis{floratos1999pattern,
  author =       "A. Floratos",
  title =        "Pattern Discovery in Biology: Theory and
                 Applications",
  school =       "New York University",
  year =         "1999",
  address =      "New York",
  month =        jan,
  annote =       "This is the paper that describes (well) how Teiresias
                 works",
}

@Article{fuchs2002fromsequence,
  author =       "R. Fuchs",
  title =        "From sequence to biology: the impact on
                 bioinformatics",
  journal =      "Bioinformatics",
  year =         "2002",
  volume =       "18",
  number =       "4",
  pages =        "505--506",
}

@Article{ganz2003defensins,
  author =       "T. Ganz",
  title =        "{Defensins: antimicrobial peptides of innate
                 immunity}",
  journal =      "Nat Rev Immunol",
  year =         "2003",
  volume =       "3",
  pages =        "710--20",
  OPTannote =    "12949495",
}

@Book{garner2000oxford,
  title =        "The Oxford Dictionary of American Usage and Style",
  publisher =    "Oxford University Press",
  year =         "2000",
  author =       "B. A. Garner",
  address =      "New York, New York",
}

@Article{ge1999invitro,
  author =       "Y. Ge and D. L. MacDonald and K. J. Holroyd and C.
                 Thornsberry and H. Wexler and M. Zasloff",
  title =        "{In vitro antibacterial properties of pexiganan, an
                 analog of magainin}",
  journal =      "Antimicrob Agents Chemother",
  year =         "1999",
  volume =       "43",
  number =       "4",
  pages =        "782--788",
  month =        apr,
}

@Article{gerstein1997astructural,
  author =       "M. Gerstein and M. Levitt",
  title =        "A structural census of the current population of
                 proteins sequences",
  journal =      "Proceedings of the National Academy of Sciences",
  year =         "1997",
  volume =       "94",
  pages =        "11911--11916",
  OPTmonth =     "October",
}

@Article{giangaspero2001amphipathic,
  author =       "A. Giangaspero and L. Sandri and A. Tossi",
  title =        "{Amphipathic alpha helical antimicrobial peptides}",
  journal =      "Eur J Biochem",
  year =         "2001",
  volume =       "268",
  pages =        "5589--600",
  OPTannote =    "11683882",
}

@Article{gilbert1997origin,
  author =       "W. Gilbert and S. J. de Souza and M. Long",
  title =        "Origin of genes",
  journal =      "Proceedings of hte National Academy of Sciences",
  year =         "1997",
  volume =       "94",
  pages =        "7698--7703",
  OPTmonth =     "July",
}

@Article{godbole1999cloning,
  author =       "S. Godbole and S. R. Decker and R. A. Nieves and W. S.
                 Adney and T. B. Vinzant and J. O. Baker and S. R.
                 Thomas and M. E. Himmel",
  title =        "{Cloning and expression of Trichoderma reesei
                 cellobiohydrolase I in Pichia pastoris}",
  journal =      "Biotechnol Prog",
  year =         "1999",
  volume =       "15",
  pages =        "828--33",
  OPTannote =    "10514252",
}

@Article{gonnet1992exhaustive,
  author =       "G. H. Gonnet and M. A. Cohen and S. A. Benner",
  title =        "{Exhaustive matching of the entire protein sequence
                 database}",
  journal =      "Science",
  year =         "1992",
  volume =       "256",
  pages =        "1443--5",
  OPTannote =    "1604319",
}

@Article{goodman1954association,
  author =       "L. A. Goodman and W. H. Kruskal",
  title =        "Measures of association for cross classifications",
  journal =      "Journal of the American Statistical Association",
  year =         "1954",
  volume =       "49",
  number =       "268",
  pages =        "732--764",
  OPTannote =    "contains the definition of the goodman and kruskal
                 gamma coeffificient",
}

@Article{gribskov1996useof,
  author =       "M. Gribskov and N. L. Robinson",
  title =        "Use of receiver operating characteristic ({ROC})
                 analysis to evaluate sequence matching",
  journal =      "Computers in Chemistry",
  year =         "1996",
  volume =       "20",
  number =       "1",
  pages =        "25--33",
}

@InProceedings{grundy1998family,
  author =       "Grundy",
  title =        "Family--based homology detection via pairwise sequences
                 comparison",
  booktitle =    "Proceedings of the Second Annual International
                 Conference on Computational Molecular Biology",
  year =         "1998",
  pages =        "94--100",
  OPTmonth =     "March",
}

@Unpublished{guhathakurta2002identifying,
  author =       "D. Guhathakurta and L. A. Schriefer and M. C. Hresko
                 and R. H. Waterson and G. D. Stormo",
  title =        "Indentifying muscle regulartory elements and genes in
                 the nematode \emph{caenorhabditis elegans}",
  note =         "Department of Genetics, Washington University School
                 of Medicine",
}

@Article{hancock1998cationic,
  author =       "R. E. Hancock and R. Lehrer",
  title =        "{Cationic peptides: a new source of antibiotics}",
  journal =      "Trends Biotechnol",
  year =         "1998",
  volume =       "16",
  pages =        "82--8",
  OPTannote =    "9487736",
}

@Article{hancock1999peptide,
  author =       "R. E. Hancock and D. S. Chapple",
  title =        "{Peptide antibiotics}",
  journal =      "Antimicrob Agents Chemother",
  year =         "1999",
  volume =       "43",
  pages =        "1317--23",
  OPTannote =    "10348745",
}

@Article{hancock2002clinical,
  author =       "R. E. Hancock and A. Patrzykat",
  title =        "{Clinical development of cationic antimicrobial
                 peptides: from natural to novel antibiotics}",
  journal =      "Curr Drug Targets Infect Disord",
  year =         "2002",
  volume =       "2",
  pages =        "79--83",
  OPTannote =    "12462155",
}

@Unpublished{hargreaves1992regex,
  author =       "K. A. Hargreaves and K. Berry",
  title =        "Regex",
  note =         "{Free Sotfware Foundation, 675 Mass Ave, Cambridge, MA
                 02139}",
  month =        sep,
  year =         "1992",
}


@Article{henikoff1991automated,
  author =       "S. Henikoff and J. G. Henikoff",
  title =        "{Automated assembly of protein blocks for database
                 searching}",
  journal =      "Nucleic Acids Res",
  year =         "1991",
  volume =       "19",
  pages =        "6565--72",
  OPTannote =    "1754394",
}

@Article{henikoff1992aminoacid,
   Author="Henikoff, S. and Henikoff, J. G.",
   Title="{Amino acid substitution matrices from protein blocks}",
   Journal="Proc Natl Acad Sci U S A",
   Year="1992",
   Volume="89",
   Number="22",
   Pages="10915-10919",
   Month="Nov",
   optannote="143829"
}

@Article{henikoff1993performance,
  author =       "S. Henikoff and J. G. Henikoff",
  title =        "{Performance evaluation of amino acid substitution
                 matrices}",
  journal =      "Proteins",
  year =         "1993",
  volume =       "17",
  pages =        "49--61",
  OPTannote =    "8234244",
}

@InBook{henikoff2000amino,
  pages =        "73--98",
  title =        "Amino Acid Substitution Matrices",
  publisher =    "Academic Press",
  year =         "2000",
  author =       "S. Henikoff and J. G. Henikoff",
  volume =       "54",
  series =       "Advances in Protein Chemistry",
  address =      "San Diego",
  annote =       "good broad description of sub matrices",
}

@Article{higgins1992improved,
  author =       "D. G. Higgins and A. J. Bleasby and R. Fuchs",
  title =        "{CLUSTAL V: improved software for multiple sequence
                 alignment}",
  journal =      "Comput Appl Biosci",
  year =         "1992",
  volume =       "8",
  pages =        "189--91",
  OPTannote =    "1591615",
}

@Article{hofmann1999prosite,
  author =       "K. Hofmann and P. Bucher and L. Falquet and A.
                 Bairoch",
  title =        "{The PROSITE database, its status in 1999}",
  journal =      "Nucleic Acids Res",
  year =         "1999",
  volume =       "27",
  pages =        "215--9",
  OPTannote =    "9847184",
}

@Article{holt2002genome,
  author =       "Robert. A. Holt and G. Mani. Subramanian and Aaron.
                 Halpern and Granger. G. Sutton and Rosane. Charlab and
                 Deborah. R. Nusskern and Patrick. Wincker and Andrew.
                 G. Clark and Jose. M. C. Ribeiro and Ron. Wides and
                 Steven. L. Salzberg and Brendan. Loftus and Mark.
                 Yandell and William. H. Majoros and Douglas. B. Rusch
                 and Zhongwu. Lai and Cheryl. L. Kraft and Josep. F.
                 Abril and Veronique. Anthouard and Peter. Arensburger
                 and Peter. W. Atkinson and Holly. Baden and Veronique.
                 de Berardinis. and Danita. Baldwin and Vladimir. Benes
                 and Jim. Biedler and Claudia. Blass and Randall.
                 Bolanos and Didier. Boscus and Mary. Barnstead and
                 Shuang. Cai and Angela. Center and Kabir. Chaturverdi
                 and George. K. Christophides and Mathew. A. Chrystal
                 and Michele. Clamp and Anibal. Cravchik and Val. Curwen
                 and Ali. Dana and Art. Delcher and Ian. Dew and Cheryl.
                 A. Evans and Michael. Flanigan and Anne.
                 Grundschober-Freimoser and Lisa. Friedli and Zhiping.
                 Gu and Ping. Guan and Roderic. Guigo and Maureen. E.
                 Hillenmeyer and Susanne. L. Hladun and James. R. Hogan
                 and Young. S. Hong and Jeffrey. Hoover and Olivier.
                 Jaillon and Zhaoxi. Ke and Chinnappa. Kodira and Elena.
                 Kokoza and Anastasios. Koutsos and Ivica. Letunic and
                 Alex. Levitsky and Yong. Liang and Jhy.-Jhu Lin and
                 Neil. F. Lobo and John. R. Lopez and Joel. A. Malek and
                 Tina. C. McIntosh and Stephan. Meister and Jason.
                 Miller and Clark. Mobarry and Emmanuel. Mongin and
                 Sean. D. Murphy and David. A. O'Brochta and Cynthia.
                 Pfannkoch and Rong. Qi and Megan. A. Regier and Karin.
                 Remington and Hongguang. Shao and Maria. V. Sharakhova
                 and Cynthia. D. Sitter and Jyoti. Shetty and Thomas. J.
                 Smith and Renee. Strong and Jingtao. Sun and Dana.
                 Thomasova and Lucas. Q. Ton and Pantelis. Topalis and
                 Zhijian. Tu and Maria. F. Unger and Brian. Walenz and
                 Aihui. Wang and Jian. Wang and Mei. Wang and Xuelan.
                 Wang and Kerry. J. Woodford and Jennifer. R. Wortman
                 and Martin. Wu and Alison. Yao and Evgeny. M. Zdobnov
                 and Hongyu. Zhang and Qi. Zhao and Shaying. Zhao and
                 Shiaoping. C. Zhu and Igor. Zhimulev and Mario. Coluzzi
                 and Alessandra. della Torre. and Charles. W. Roth and
                 Christos. Louis and Francis. Kalush and Richard. J.
                 Mural and Eugene. W. Myers and Mark. D. Adams and
                 Hamilton. O. Smith and Samuel. Broder and Malcolm. J.
                 Gardner and Claire. M. Fraser and Ewan. Birney and
                 Peer. Bork and Paul. T. Brey and J. Craig. Venter and
                 Jean. Weissenbach and Fotis. C. Kafatos and Frank. H.
                 Collins and Stephen. L. Hoffman",
  title =        "{The genome sequence of the malaria mosquito Anopheles
                 gambiae}",
  journal =      "Science",
  year =         "2002",
  volume =       "298",
  number =       "5591",
  pages =        "129--149",
  month =        oct,
}

@Article{hornef2002bacterial,
  author =       "M. W. Hornef and M. J. Wick and M. Rhen and S.
                 Normark",
  title =        "{Bacterial strategies for overcoming host innate and
                 adaptive immune responses}",
  journal =      "Nat Immunol",
  year =         "2002",
  volume =       "3",
  pages =        "1033--40",
  OPTannote =    "12407412",
}

@Article{hughes2000computational,
  author =       "J. D. Hughes and P. W. Estep and S. Tavazoie and G. M.
                 Church",
  title =        "{Computational identification of cis-regulatory
                 elements associated with groups of functionally related
                 genes in Saccharomyces cerevisiae}",
  journal =      "J Mol Biol",
  year =         "2000",
  volume =       "296",
  pages =        "1205--14",
  OPTannote =    "10698627",
}

@Article{hughes2001Expression,
  author =       "T. R. Hughes and M. Mao and A. R. Jones and J.
                 Burchard and M. J. Marton and K. W. Shannon and S. M.
                 Lefkowitz and M. Ziman and J. M. Schelter and M. R.
                 Meyer and S. Kobayashi and C. Davis and H. Dai and Y.
                 D. He and S. B. Stephaniants and G. Cavet and W. L.
                 Walker and A. West and E. Coffey and D. D. {Shoemaker }
                 and R. Stoughton and A. P. Blanchard and S. H. {Friend
                 } and P. S. Linsley",
  title =        "{Expression profiling using microarrays fabricated by
                 an ink-jet oligonucleotide synthesizer}",
  journal =      "Nat Biotechnol",
  year =         "2001",
  volume =       "19",
  pages =        "342--7",
  OPTannote =    "11283592",
}

@InBook{hunter1993molecular,
  chapter =      "1",
  pages =        "1--46",
  title =        "Molecular biology for computer scientists",
  publisher =    "AAAI Press",
  year =         "1993",
  author =       "Hunter",
  alteditor =    "L. Hunter",
  altauthor =    "L. Hunter",
}

@Article{ingram1999enteric,
  author =       "L. O. Ingram and H. C. Aldrich and A. C. Borges and T.
                 B. Causey and A. Martinez and F. Morales and A. Saleh
                 and S. A. Underwood and L. P. Yomano and S. W. York and
                 J. Zaldivar and S. Zhou",
  title =        "{Enteric bacterial catalysts for fuel ethanol
                 production}",
  journal =      "Biotechnol Prog",
  year =         "1999",
  volume =       "15",
  pages =        "855--66",
  OPTannote =    "10514255",
}

@Article{jain2001biochips,
  author =       "K. K. Jain",
  title =        "{Tech.Sight. Biochips for gene spotting}",
  journal =      "Science",
  year =         "2001",
  volume =       "294",
  pages =        "621--3",
  OPTannote =    "11641502",
}

@Article{johnson1993astructural,
  author =       "M. S. Johnson and J. P. Overington",
  title =        "A structural basis for sequence comparisons: an
                 evaluation of scoring methodologies",
  journal =      "Journal of Molecular Biology",
  year =         "1993",
  volume =       "233",
  pages =        "716--738",
}

@PhdThesis{jonassen1996methods,
  author =       "I. Jonassen",
  title =        "Methods for finding motifs in sets of related
                 biosequences",
  school =       "Department of Informatics, University of Bergen",
  year =         "1996",
  address =      "Norway",
}

@Article{juang2000automatic,
  author =       "B. Juang and S. Furui",
  title =        "Automatic recognition and understanding of spoken
                 language --- a first step toward natural human-machine
                 communication",
  journal =      "Proceedings of the IEEE",
  year =         "2000",
  volume =       "88",
  number =       "8",
  pages =        "1142--1165",
  OPTurl =       "http://ieeexplore.ieee.org/iel5/5/19040/00880077.pdf",
}

@Book{jurafsky2000speech,
  title =        "Speech and Language Processing: An Introduction to
                 Natural Language Processing, Computational Linguistics,
                 and Speech Recognition",
  publisher =    "Prentice Hall",
  year =         "2000",
  author =       "Daniel Jurafsky and James H. Martin",
  address =      "Upper Saddle River, New Jersey",
}

@Article{kane2001assessment,
  author =       "M. D. Kane and T. A. Jatkoe and C. R. Stumpf and J.
                 {Lu } and J. D. Thomas and S. J. Madore",
  title =        "Assessment of the sensitivity and specificity of
                 oligonucleotide (50mer) microarrays",
  journal =      "Nucleic Acids Research",
  year =         "2000",
  volume =       "28",
  number =       "22",
  pages =        "4552--4557",
  annote =       "shows that you need block similarity for
                 crosshybridization",
}

@Article{kann2000optimization,
  author =       "M. Kann and B. Qian and R. A. Goldstein",
  title =        "{Optimization of a new score function for the
                 detection of remote homologs}",
  journal =      "Proteins",
  year =         "2000",
  volume =       "41",
  pages =        "498--503",
  OPTannote =    "11056037",
}

@Article{karlin1990methods,
  author =       "S. Karlin and S. F. Altschul",
  title =        "{Methods for assessing the statistical significance of
                 molecular sequence features by using general scoring
                 schemes}",
  journal =      "Proc Natl Acad Sci U S A",
  year =         "1990",
  volume =       "87",
  pages =        "2264--8",
  OPTannote =    "2315319",
}

@Article{kim1996semicontinuous,
  author =       "D. M. Kim and C. Y. Choi",
  title =        "{A semicontinuous prokaryotic coupled
                 transcription/translation system using a dialysis
                 membrane}",
  journal =      "Biotechnol Prog",
  year =         "1996",
  volume =       "12",
  pages =        "645--9",
  OPTannote =    "8879155",
}

@Article{kim2003bioinformatic,
  author =       "J. T. Kim and T. Martinetz and D. Polani",
  title =        "{Bioinformatic principles underlying the information
                 content of transcription factor binding sites}",
  journal =      "J Theor Biol",
  year =         "2003",
  volume =       "220",
  pages =        "529--44",
  OPTannote =    "12623284",
}

@Article{kim2003invitro,
  author =       "Sunkyu Kim and Sukwon S. Kim and Yung-Jue Bang Kim and
                 Seong-Jin and Byeong Jae Lee",
  title =        "In vitro activities of native and designed peptide
                 antibiotics against drug sensitive and resistant tumor
                 cell lines",
  journal =      "Peptides",
  year =         "2003",
  volume =       "24",
  number =       "7",
  pages =        "945--953",
}

@Article{kimbrell2001evolution,
  author =       "D. A. Kimbrell and B. Beutler",
  title =        "{The evolution and genetics of innate immunity}",
  journal =      "Nat Rev Genet",
  year =         "2001",
  volume =       "2",
  pages =        "256--67",
  OPTannote =    "11283698",
}

@Article{levy1998xlandscape,
  author =       "S. Levy and L. Compagnoni and E. W. Myers and G. D.
                 Stormo",
  title =        "{Xlandscape: the graphical display of word frequencies
                 in sequences}",
  journal =      "Bioinformatics",
  year =         "1998",
  volume =       "14",
  pages =        "74--80",
  OPTannote =    "9520504",
}

@Article{li2001selection,
  author =       "F. Li and G. D. Stormo",
  title =        "{Selection of optimal DNA oligos for gene expression
                 arrays}",
  journal =      "Bioinformatics",
  year =         "2001",
  volume =       "17",
  pages =        "1067--76",
  OPTannote =    "11724738",
}

@Article{lin2001amino,
  author =       "K. Lin and A. C. May and W. R. Taylor",
  title =        "{Amino acid substitution matrices from an artificial
                 neural network model}",
  journal =      "J Comput Biol",
  year =         "2001",
  volume =       "8",
  pages =        "471--81",
  OPTannote =    "11694178",
}

@InProceedings{lin2002finding,
  author =       "Jessica Lin and Eamonn Keogh and Stefano Lonardi Patel
                 and Pranav",
  title =        "Finding Motifs in Time Series",
  booktitle =    "Proceedings of the Second Workshop on Temporal Data
                 Mining",
  year =         "2002",
  address =      "Edmonton, Alberta, Canada",
  month =        jul,
  OPTurl =          "http://www.cs.ucr.edu/~stelo/papers/",
}

@Article{liu2001denovo,
  author =       "Dahui Liu and William F. {DeGrado}",
  title =        "\emph{De novo} design, synthesis, and characterization
                 of antimicrobial beta--peptides",
  journal =      "Journal of the American Chemical Society",
  year =         "2001",
  volume =       "123",
  number =       "31",
  pages =        "7553--7559",
}

@Article{liu2001functional,
  author =       "A. H. Liu and A. Califano",
  title =        "Functional classification of proteins by pattern
                 discovery and top--down clustering of primary
                 sequences",
  journal =      "IBM Systems Journal",
  year =         "2001",
  volume =       "40",
  number =       "2",
  OPTpages =     "379--393",
}

@Article{lowenberger1995insect,
  author =       "C. Lowenberger and P. Bulet and M. Charlet and C.
                 Hetru and B. Hodgeman and B. M. Christensen and J. A.
                 Hoffmann",
  title =        "{Insect immunity: isolation of three novel inducible
                 antibacterial defensins from the vector mosquito, Aedes
                 aegypti}",
  journal =      "Insect Biochem Mol Biol",
  year =         "1995",
  volume =       "25",
  pages =        "867--73",
  OPTannote =    "7633471",
}

@Article{lynd1999biocommodity,
  author =       "L. R. Lynd and C. E. Wyman and T. U. Gerngross",
  title =        "Biocommodity engineering",
  journal =      "Biotechnology Progress",
  year =         "1999",
  volume =       "15",
  pages =        "777--793",
}

@Article{manber1993suffix,
  author =       "U. Manber and G. Myers",
  title =        "Suffix arrays: a new method for on--line string
                 searches",
  journal =      "Society for Industrial and Applied Mathematics",
  year =         "1993",
  volume =       "22",
  number =       "5",
  pages =        "935--948",
}

@Article{mangalam2002tacg,
  author =       "H. J. Mangalam",
  title =        "{tacg--a grep for DNA}",
  journal =      "BMC Bioinformatics",
  year =         "2002",
  volume =       "3",
  pages =        "8",
  OPTannote =    "11882250",
}

@Article{mangasarian1995breast,
  author =       "O. L. Mangasarian and W. N. Street and W. H. Wolberg",
  title =        "Breast cancer diagnosis and prognosis via linear
                 programming",
  journal =      "Operations Research",
  year =         "1995",
  volume =       "43",
  number =       "4",
  pages =        "570--577",
  annote =       "available in UCI database",
}

@Article{mansfield1999substrate,
  author =       "S. D. Mansfield and C. Mooney and J. N. Saddler",
  title =        "Substrate and enzyme characteristics that limit
                 cellulose hydrolysis",
  journal =      "Biotechnology Progress",
  year =         "1999",
  volume =       "15",
  pages =        "804--816",
}

@Article{miller2001comparison,
  author =       "W. Miller",
  title =        "{Comparison of genomic DNA sequences: solved and
                 unsolved problems}",
  journal =      "Bioinformatics",
  year =         "2001",
  volume =       "17",
  pages =        "391--7",
  OPTannote =    "11331233",
}

@Article{moerman2002antibacterial,
   Author="Moerman, Leentje. and Bosteels, Suzanne. and Noppe, Wim. and Willems, Jean. and Clynen, Elke. and Schoofs, Liliane. and Thevissen, Karin. and Tytgat, Jan. and Van Eldere., Johan. and Van Der. Walt., Jurg. and Verdonck, Fons.",
   Title="{Antibacterial and antifungal properties of alpha-helical, cationic peptides in the venom of scorpions from southern Africa}",
   Journal="Eur J Biochem",
   Year="2002",
   Volume="269",
   Number="19",
   Pages="4799-4810",
   Month="Oct",
   optannote="12354111",
}

@InProceedings{mueller1993library,
  author =       "Frank Mueller",
  title =        "A library implementation of {POSIX} threads under
                 Unix",
  booktitle =    "Proceedings of {the Winter} 1993 {USENIX} Technical
                 Conference and Exhibition",
  year =         "1993",
  pages =        "29--41",
  address =      "San Diego, CA, USA",
  OPTurl =          "citeseer.nj.nec.com/mueller93library.html",
}

@Article{muller2000modeling,
  author =       "T. Muller and M. Vingron",
  title =        "{Modeling amino acid replacement}",
  journal =      "J Comput Biol",
  year =         "2000",
  volume =       "7",
  pages =        "761--76",
  OPTannote =    "11382360",
}

@Article{muller2001nonsymmetric,
  author =       "T. M{\"{u}}ller and S. Rahmann and M. Rehmsmeier",
  title =        "Non-symmertric score matrices and the detection of
                 homologous transmembrane proteins",
  journal =      "Bioinformatics",
  year =         "2001",
  volume =       "17",
  pages =        "S182--S189",
  note =         "Suppl.\ 1",
  annote =       "This paper discusses making the SLIM matrix for
                 transmembrane proteins and GPCR family proteins. It has
                 some useful background",
}

@Misc{myrvold1998dynamic,
  author =       "W. Myrvold and T. Prsa and N. Walker",
  title =        "A dynamic programming approach for timing and
                 designing clique algorithms",
  howpublished = "Algorithms and Experiments (ALEX): Building Bridges
                 Between Theory and Applications",
  year =         "1998",
  pages =        "88--95",
  OPTurl =          "citeseer.nj.nec.com/article/myrvold98dynamic.html",
}

@Article{navarro2001nrgrep,
  author =       "Gonzalo Navarro",
  title =        "{NR--grep}: a fast and flexible pattern-matching
                 tool",
  journal =      "Software Practice and Experience",
  year =         "2001",
  volume =       "31",
  number =       "13",
  pages =        "1265--1312",
  month =        "????",
  OPTurl =          "citeseer.nj.nec.com/article/navarro00nrgrep.html",
}

@Article{ney2000progress,
  author =       "H. Ney and S. Ortmanns",
  title =        "Progress in dynamic programming search for {LVCSR}",
  journal =      "Proceedings of the IEEE",
  year =         "2000",
  volume =       "88",
  number =       "8",
  pages =        "1244--1240",
  OPTurl =       "http://ieeexplore.ieee.org/iel5/5/19040/00880081.pdf",
}

@Article{normark2002evolution,
  author =       "B. H. Normark and S. Normark",
  title =        "{Evolution and spread of antibiotic resistance}",
  journal =      "J Intern Med",
  year =         "2002",
  volume =       "252",
  pages =        "91--106",
  OPTannote =    "12190884",
}

@InProceedings{parida1998musca,
  author =       "L. Parida and I. Rigoutsos and A. Floratos",
  title =        "{MUSCA:} An Algorithm for Constrained Alignment of
                 Multiple Data Sequences",
  booktitle =    "Proceedings of the Twelfth International Conference on
                 Genome Informatics (GIW)",
  year =         "1998",
  address =      "Tokyo",
}

@Article{pearson1998improved,
  author =       "W. R. Pearson and D. J. Lipman",
  title =        "Improved Tools for Biological Sequence Comparison",
  journal =      "Proceedings of the National Academy of Sciences",
  year =         "1988",
  volume =       "85",
  pages =        "2444--2448",
  annote =       "introduces FastA",
}

@Misc{pearson2000protein,
  author =       "W. R. Pearson",
  title =        "Protein sequence comparison and protein evolution",
  howpublished = "ISMB tutorial",
  year =         "2000",
}

@Unpublished{pedersen1999thebiology,
  author =       "A. G. Pedersen and P. Baldi and Yves Chauvin and S.
                 Brunak",
  title =        "The biology of eukaryotic promoter prediction -- a
                 review",
  note =         "Center for Biological Sequence Analysis, Technical
                 University of Denmark",
}

@Article{pesole2000patsearch,
  author =       "G. Pesole and S. Liuni and M. D'Souza",
  title =        "{PatSearch: a pattern matcher software that finds
                 functional elements in nucleotide and protein sequences
                 and assesses their statistical significance}",
  journal =      "Bioinformatics",
  year =         "2000",
  volume =       "16",
  pages =        "439--50",
  OPTannote =    "10871266",
}

@Article{plamondon2000online,
  author =       "R. Plamondon and S. N. Srihari",
  title =        "On--line and off--line handwriting recognition: a
                 comprehensive survey",
  journal =      "IEEE Transactions on Pattern Analysis and Machine
                 Intelligence",
  year =         "2000",
  volume =       "22",
  pages =        "63--84",
  OPTurl =       "http://ieeexplore.ieee.org/iel5/34/17859/00824821.pdf",
}

@Article{putsep2002deficiency,
  author =       "K. Putsep and G. Carlsson and H. G. Boman and M.
                 Andersson",
  title =        "{Deficiency of antibacterial peptides in patients with
                 morbus Kostmann: an observation study}",
  journal =      "Lancet",
  year =         "2002",
  volume =       "360",
  pages =        "1144--9",
  OPTannote =    "12387964",
}

@Article{rice2000emboss,
  author =       "P. Rice and I. Longden and A. Bleasby",
  title =        "{EMBOSS: the European Molecular Biology Open Software
                 Suite}",
  journal =      "Trends Genet",
  year =         "2000",
  volume =       "16",
  pages =        "276--7",
  OPTannote =    "10827456",
}

@PhdThesis{rigoutsos1992massively,
  author =       "I. Rigoutsos",
  title =        "Massively parallel bayesian object recognition",
  school =       "Courant Institute of Mathematical Sciences, New York
                 University",
  year =         "1992",
  month =        aug,
}

@Article{rigoutsos1998combinatorial,
  author =       "I. Rigoutsos and A. Floratos",
  title =        "{Combinatorial pattern discovery in biological
                 sequences: The TEIRESIAS algorithm}",
  journal =      "Bioinformatics",
  year =         "1998",
  volume =       "14",
  pages =        "55--67",
  OPTannote =    "9520502",
}

@Article{rigoutsos1999dictionary,
  author =       "I. Rigoutsos and A. Floratos and C. Ouzounis and Y.
                 Gao and L. Parida",
  title =        "{Dictionary building via unsupervised hierarchical
                 motif discovery in the sequence space of natural
                 proteins}",
  journal =      "Proteins",
  year =         "1999",
  volume =       "37",
  pages =        "264--77",
  OPTannote =    "10584071",
}

@Article{rigoutsos2000theemergence,
  author =       "I. Rigoutsos and A. Floratos and L. Parida and Y. Gao
                 and D. Platt",
  title =        "The Emergence of Pattern Discovery Techniques in
                 Computational Biology",
  journal =      "Metabolic Engineering",
  year =         "2000",
  volume =       "2",
  pages =        "159--177",
  annote =       "general paper, but talks a lot about teiresias",
}

@Article{rolff2003invertebrate,
  author =       "J. Rolff and M. T. Siva-Jothy",
  title =        "{Invertebrate Ecological Immunology}",
  journal =      "Science",
  year =         "2003",
  volume =       "301",
  number =       "5632",
  pages =        "472--475",
}

@Article{rost1999twilight,
  author =       "B. Rost",
  title =        "{Twilight zone of protein sequence alignments}",
  journal =      "Protein Eng",
  year =         "1999",
  volume =       "12",
  pages =        "85--94",
  OPTannote =    "10195279",
}

@Article{rzhetsky1997exon,
  author =       "A. Rzhetsky and F. J. Ayala and L. C. Hsu and C. Chang
                 and A. Yoshida",
  title =        "{Exon/intron structure of aldehyde dehydrogenase genes
                 supports the introns--late theory}",
  journal =      "Proc Natl Acad Sci U S A",
  year =         "1997",
  volume =       "94",
  pages =        "6820--5",
  OPTannote =    "9192649",
}

@Article{salzman2003protection,
  author =       "N. H. Salzman and D. Ghosh and K. M. Huttner and Y.
                 Paterson and C. L. Bevins",
  title =        "{Protection against enteric salmonellosis in
                 transgenic mice expressing a human intestinal
                 defensin}",
  journal =      "Nature",
  year =         "2003",
  volume =       "422",
  pages =        "522--6",
  OPTannote =    "12660734",
}

@PhdThesis{scattolin1995recognition,
  author =       "P. Scattolin",
  title =        "Recognition of handwritten numerals using elastic
                 matching",
  school =       "Concordia University, Canada",
  year =         "1995",
  month =        nov,
  OPTurl =          "citeseer.nj.nec.com/scattolin95recognition.html",
}

@Article{schittek2001dermcidin,
  author =       "B. Schittek and R. Hipfel and B. Sauer and J. Bauer
                 and H. Kalbacher and S. Stevanovic and M. Schirle and
                 K. Schroeder and N. Blin and F. Meier and G. Rassner
                 and C. Garbe",
  title =        "{Dermcidin: a novel human antibiotic peptide secreted
                 by sweat glands}",
  journal =      "Nat Immunol",
  year =         "2001",
  volume =       "2",
  pages =        "1133--7",
  OPTannote =    "11694882",
}

@Article{schutte2002discovery,
  author =       "B. C. Schutte and J. P. Mitros and J. A. Barlett and
                 J. D. Walters and H. P. Jia and M. J. Welsh and T. L.
                 Casavant and P. B. McCray",
  title =        "Discovery of five conserved $\beta$--defensin gene
                 clusters using a computational search strategy",
  journal =      "Proceedings of the National Academy of Sciences",
  year =         "2002",
  volume =       "99",
  number =       "4",
  pages =        "2129--2133",
}

@InCollection{searls1992thecomputational,
  author =       "D. B. Searls",
  title =        "The Computational Linguistics of Biological
                 Sequences",
  booktitle =    "Artificial Intelligence and Molecular Biology",
  publisher =    "AAAI Press",
  year =         "1992",
  editor =       "Larry Hunter",
  pages =        "47--120",
}

@Article{searls1997linguistic,
  author =       "D. B. Searls",
  title =        "{Linguistic approaches to biological sequences}",
  journal =      "Comput Appl Biosci",
  year =         "1997",
  volume =       "13",
  pages =        "333--44",
  OPTannote =    "9283748",
}

@Unpublished{searls1999formal,
  author =       "D. B. Searls",
  title =        "Formal language theory and biological macromolecules",
  note =         "Bioinformatics group, SmithKline Beecham
                 Pharmaceuticals",
  year =         "1999",
}

@Article{searls2001fromjabberwocky,
  author =       "D. B. Searls",
  title =        "From Jabberwocky to Genome: Lewis Carrol and
                 Computational Biology",
  journal =      "Journal of Computational Biology",
  year =         "2001",
  volume =       "8",
  number =       "3",
  pages =        "339--348",
  annote =       "interesting paper",
}

@Article{searls2001reading,
  author =       "D. B. Searls",
  title =        "Reading the Book of Life",
  journal =      "Bioinformatics",
  year =         "2001",
  volume =       "17",
  number =       "7",
  pages =        "579--580",
  annote =       "a two page review of linguistics techniques in
                 computational biology",
}

@Article{searls2002language,
  author =       "D. B. Searls",
  title =        "{The language of genes}",
  journal =      "Nature",
  year =         "2002",
  volume =       "420",
  pages =        "211--7",
  OPTannote =    "12432405",
}

@Article{shai2002mode,
  author =       "Y. Shai",
  title =        "{Mode of action of membrane active antimicrobial
                 peptides}",
  journal =      "Biopolymers",
  year =         "2002",
  volume =       "66",
  pages =        "236--48",
  OPTannote =    "12491537",
}

@Article{sheehan1999enzymes,
  author =       "J. Sheehan and M. Himmel",
  title =        "Enzymes, energy, and the environment: a strategic
                 perspective on the {U}.{S}. Department of Energy's
                 research and development activities for bioethanol",
  journal =      "Biotechnology Progress",
  year =         "1999",
  volume =       "15",
  pages =        "817--827",
}

@Article{shieber1994lessons,
  author =       "S. M. Shieber",
  title =        "Lessons from a restricted turing test",
  journal =      "Communications of the ACM",
  year =         "1994",
  volume =       "37",
  number =       "6",
  OPTmonth =     "June",
}

@Article{silphaduang2001peptide,
  author =       "U. Silphaduang and E. J. Noga",
  title =        "{Peptide antibiotics in mast cells of fish}",
  journal =      "Nature",
  year =         "2001",
  volume =       "414",
  pages =        "268--9",
  OPTannote =    "11713517",
}

@Article{simmaco1999antimicrobial,
  author =       "Maurizio Simmaco and Giuseppina Mignogna and Donatella
                 Barra",
  title =        "Antimicrobial peptides from amphibian skin: What do
                 they tell us?",
  journal =      "Biopolymers",
  year =         "1999",
  volume =       "47",
  number =       "6",
  pages =        "435--450",
}

@Unpublished{sinha2002discovery,
  author =       "S. Sinha and M. Tompa",
  title =        "Discovery of novel transcription factor binding sites
                 by statistical overrepresentation",
  note =         "Deparment of Computer Science and Engineering,
                 University of Washington",
  year =         "2002",
}

@Article{smith1996cystic,
  author =       "J. J. Smith and S. M. Travis and E. P. Greenberg and
                 M. J. Welsh",
  title =        "{Cystic fibrosis airway epithelia fail to kill
                 bacteria because of abnormal airway surface fluid}",
  journal =      "Cell",
  year =         "1996",
  volume =       "85",
  pages =        "229--36",
  OPTannote =    "8612275",
}

@Article{sorek2001piecing,
  author =       "R. Sorek and M. Amitai",
  title =        "{Piecing together the significance of splicing}",
  journal =      "Nat Biotechnol",
  year =         "2001",
  volume =       "19",
  pages =        "196",
  OPTannote =    "11231539",
}

@Article{stark2002cationic,
  author =       "M. Stark and L. P. Liu and C. M. Deber",
  title =        "{Cationic hydrophobic peptides with antimicrobial
                 activity}",
  journal =      "Antimicrob Agents Chemother",
  year =         "2002",
  volume =       "46",
  pages =        "3585--90",
  OPTannote =    "12384369",
}

@Article{stoltzfus1994testing,
  author =       "A. Stoltzfus and D. F. Spencer and M. Zuker and J. M.
                 Logsdon Jr\. and W. F. Doolittle",
  title =        "Testing the exon theory of genes: the evidence from
                 protein structure",
  journal =      "Science",
  year =         "1994",
  volume =       "265",
  pages =        "202--207",
  OPTmonth =     "July",
  OPTnumber =    "5169",
}

@Article{strom2002antibacterial,
  author =       "M. B. {Str\o m} and \O . Rekdal and J. S. Svendsen",
  title =        "Antimicrobial activity of short arginine-- and
                 tryptophan--rich peptides",
  journal =      "Journal of Peptide Science",
  year =         "2002",
  volume =       "8",
  pages =        "431--437",
}

@Article{strom2003pharmacophore,
  author =       "M. B. Strom and B. E. Haug and M. L. Skar and W.
                 Stensen and T. Stiberg and J. S. Svendsen",
  title =        "{The pharmacophore of short cationic antibacterial
                 peptides}",
  journal =      "J Med Chem",
  year =         "2003",
  volume =       "46",
  pages =        "1567--70",
  OPTannote =    "12699374",
}

@Article{sze2002finding,
  author =       "S. H. Sze and M. S. Gelfand and P. A. Pevzner",
  title =        "{Finding weak motifs in DNA sequences}",
  journal =      "Pac Symp Biocomput",
  year =         "2002",
  pages =        "235--246",
}

@Article{tappert1990thestate,
  author =       "C. C. Tappert and C. Y. Suen and T. Wakahara",
  title =        "The state of the art in online handwriting
                 recognition",
  journal =      "IEEE Transactions on Pattern Analysis and Machine
                 Intelligence",
  year =         "1990",
  volume =       "12",
  number =       "8",
  pages =        "787--808",
  OPTmonth =     "August",
  OPTurl =       "http://ieeexplore.ieee.org/iel1/34/2090/00057669.pdf",
}

@Article{tew2002denovo,
  author =       "Gregory N. Tew and Dahui Liu and Bin Chen and Robert
                 J. Doerksen and Justin Kaplan and Patrick J. Carroll
                 and Michael L. Klein and William F. DeGrado",
  title =        "{\emph{De novo} design of biomimetic antimicrobial
                 polymers}",
  journal =      "Proceedings of the National Academy of Sciences",
  year =         "2002",
  volume =       "99",
  number =       "8",
  pages =        "5110--5114",
}

@Article{tiozzo1998wide,
  author =       "E. Tiozzo and G. Rocco and A. Tossi and D. Romeo",
  title =        "{Wide-spectrum antibiotic activity of synthetic,
                 amphipathic peptides}",
  journal =      "Biochem Biophys Res Commun",
  year =         "1998",
  volume =       "249",
  pages =        "202--6",
  OPTannote =    "9705857",
}

@Article{tossi2000amphipathic,
  author =       "A. Tossi and L. Sandri and A. Giangaspero",
  title =        "{Amphipathic, alpha-helical antimicrobial peptides}",
  journal =      "Biopolymers",
  year =         "2000",
  volume =       "55",
  pages =        "4--30",
  OPTannote =    "10931439",
}

@Misc{uci1998ucirepository,
  author =       "C. L. Blake and C. J. Merz",
  title =        "{UCI} Repository of machine learning databases",
  year =         "1998",
  note =         "http://www.ics.uci.edu/$\sim$mlearn/MLRepository.html",
  institution =  "University of California, Irvine, Dept. of Information
                 and Computer Sciences",
}

@Unpublished{verma1995recent,
  author =       "B. Verma and M. Blumenstein and S. Kulkarni",
  title =        "Recent Achievements in off--line handwriting
                 recognition systems",
  note =         "School of Information Technology, Griffith
                 University",
  year =         "1995",
}

@Article{vizioli2001gambicin,
  author =       "Jacopo Vizioli and Philippe Bulet and Jules A.
                 Hoffmann and Fotis C. Kafatos and Hans-Michael Muller
                 and George Dimopoulos",
  title =        "{Gambicin: A novel immune responsive antimicrobial
                 peptide from the malaria vector Anopheles gambiae}",
  journal =      "PNAS",
  year =         "2001",
  volume =       "98",
  number =       "22",
  pages =        "12630--12635",
}

@Article{vogt1995assessment,
  author =       "G. Vogt and T. Etzold and P. Argos",
  title =        "{An assessment of amino acid exchange matrices in
                 aligning protein sequences: the twilight zone
                 revisited}",
  journal =      "J Mol Biol",
  year =         "1995",
  volume =       "249",
  pages =        "816--31",
  OPTannote =    "7602593",
}

@Article{walsh2000molecular,
  author =       "C. Walsh",
  title =        "{Molecular mechanisms that confer antibacterial drug
                 resistance}",
  journal =      "Nature",
  year =         "2000",
  volume =       "406",
  pages =        "775--81",
  OPTannote =    "10963607",
}

@Article{walsh2002prevalence,
  author =       "T. R. Walsh and R. A. Howe",
  title =        "{The prevalence and mechanisms of vancomycin
                 resistance in Staphylococcus aureus}",
  journal =      "Annu Rev Microbiol",
  year =         "2002",
  volume =       "56",
  pages =        "657--75",
  OPTannote =    "12142482",
}

@Article{warnow1997mathematical,
  author =       "T. Warnow",
  title =        "{Mathematical approaches to comparative linguistics}",
  journal =      "Proc Natl Acad Sci U S A",
  year =         "1997",
  volume =       "94",
  pages =        "6585--90",
  OPTannote =    "11607730",
}

@Article{smith1981identification,
        Author    = "Smith, T F and Waterman, M S",
        Title     = "{Identification of common molecular subsequences}",
        Journal   = "J Mol Biol",
        Year      = "1981",
        Volume    = "147",
        Number    = "1",
        Pages     = "195--7",
        Month     = "Mar",
        OPTpmid   = "7265238",
}

@Article{waterman1984efficient,
  author =       "M. S. Waterman",
  title =        "{Efficient sequence alignment algorithms}",
  journal =      "J Theor Biol",
  year =         "1984",
  volume =       "108",
  pages =        "333--7",
  OPTannote =    "6748696",
}

@Article{westerhoff1989magainins,
  author =       "H. V. Westerhoff and D. Juretic and R. W. Hendler and
                 M. Zasloff",
  title =        "{Magainins and the disruption of membrane-linked
                 free-energy transduction}",
  journal =      "Proc Natl Acad Sci U S A",
  year =         "1989",
  volume =       "86",
  pages =        "6597--601",
  OPTannote =    "2671997",
}

@Article{wilson1999regulation,
  author =       "C. L. Wilson and A. J. Ouellette and D. P. Satchell
                 and T. Ayabe and Y. S. Lopez-Boado and J. L. Stratman
                 and S. J. Hultgren and L. M. Matrisian and W. C.
                 Parks",
  title =        "{Regulation of intestinal alpha-defensin activation by
                 the metalloproteinase matrilysin in innate host
                 defense}",
  journal =      "Science",
  year =         "1999",
  volume =       "286",
  pages =        "113--7",
  OPTannote =    "10506557",
}

@Article{wootton1993statistics,
  author =       "J. C. Wootton and S. Federhen",
  title =        "Statistics of Local Complexity in Amino Acid Sequences
                 and Sequence Databases",
  journal =      "Computers in Chemistry",
  year =         "1993",
  volume =       "17",
  pages =        "149--163",
  annote =       "introduces the SEG filtering program",
}

@InProceedings{wu1992agrep,
  author =       "S. Wu and U. Manber",
  title =        "Agrep --- {A} Fast Approximate Pattern-Matching Tool",
  booktitle =    "Usenix Winter 1992 Technical Conference",
  year =         "1992",
  pages =        "153--162",
  address =      "San Francisco",
  month =        jan,
}

@Article{yaffe2001motif,
  author =       "M. B. Yaffe and G. G. Leparc and J. Lai and T. Obata
                 and S. Volinia and L. C. Cantley",
  title =        "{A motif-based profile scanning approach for
                 genome-wide prediction of signaling pathways}",
  journal =      "Nat Biotechnol",
  year =         "2001",
  volume =       "19",
  pages =        "348--53",
  OPTannote =    "11283593",
}

@Article{yang2000crystallization,
  author =       "L. Yang and T. M. Weiss and R. I. Lehrer and H. W.
                 Huang",
  title =        "{Crystallization of antimicrobial pores in membranes:
                 magainin and protegrin}",
  journal =      "Biophys J",
  year =         "2000",
  volume =       "79",
  pages =        "2002--9",
  OPTannote =    "11023904",
}

@Article{zasloff2002antimicrobial,
  author =       "M. Zasloff",
  title =        "{Antimicrobial peptides of multicellular organisms}",
  journal =      "Nature",
  year =         "2002",
  volume =       "415",
  pages =        "389--95",
  OPTannote =    "11807545",
}

@Article{zasloff2002antimicrobialpeptides,
  author =       "Michael. Zasloff",
  title =        "{Antimicrobial peptides in health and disease}",
  journal =      "New England Journal of Medicine",
  year =         "2002",
  volume =       "347",
  number =       "15",
  pages =        "1199--1200",
  month =        oct,
}

@Article{zhang2002contribution,
  author =       "L. Zhang and W. Yu and T. He and J. Yu and R. E.
                 Caffrey and E. A. Dalmasso and S. Fu and T. Pham and J.
                 Mei and J. J. Ho and W. Zhang and P. Lopez and D. D.
                 Ho",
  title =        "{Contribution of human alpha-defensin 1, 2, and 3 to
                 the anti-HIV-1 activity of CD8 antiviral factor}",
  journal =      "Science",
  year =         "2002",
  volume =       "298",
  pages =        "995--1000",
  OPTannote =    "12351674",
}


@ARTICLE{vingron1991motif,
  author = "M. Vingron and P. Argos",
  title = "Motif recognition and alignment for many sequences by comparison of dot--matrices",
  journal =      {Journal of Molecular Biology},
  year =         {1991},
  volume =       {218},
  number =       {},
  pages =        {33--43},
  annote =       {a sequence driven pattern discovery}
}

@ARTICLE{schuler1991workbench,
  author = "G. Schuler and S. Altschul and D. Lipman",
  title = "A workbench for multiple alignment construction and analysis",
  journal =      {PROTEINS: Structure, Function, and Genetics},
  year =         {1991},
  volume =       {9},
  number =       {},
  pages =        {180--190},
  annote =       {sequence driven pattern discovery},
}

@INBOOK{brodsky1992mathematical,
  author =       {L. I. Brodsky and A. V. Vassilyev and Y. L. Kalaydzidis and Y. S. Osipov and R. L. Tatuzov and S. I. Feranchuk},
  title =        {Genebee: the program package for biopolymer structure analysis},
  publisher =    {American Mathematical Society},
  year =         {1992},
  volume =       {8},
  series =       {Mathematical methods of analysis of biopolymer sequences, DIMACS series in discrete mathematics and theoretical computer science},
  annote =       {sequence drive pat disc},
}
@Article{adams1987statistical,
	Author    = "Adams, W T and Skopek, T R",
	Title     = "{Statistical test for the comparison of samples from mutational spectra}",
	Journal   = "J Mol Biol",
	Year      = "1987",
	Volume    = "194",
	Number    = "3",
	Pages     = "391--6",
	Month     = "Apr",
	OPTpmid   = "3305960",
}
@Article{lossos2000inference,
	Author    = "Lossos, I S and Tibshirani, R and Narasimhan, B and Levy, R",
	Title     = "{The inference of antigen selection on Ig genes}",
	Journal   = "J Immunol",
	Year      = "2000",
	Volume    = "165",
	Number    = "9",
	Pages     = "5122--6",
	Month     = "Nov",
	OPTpmid   = "11046043",
}
}
@Article{orr2003minimum,
	Author    = "Orr, H Allen",
	Title     = "{A minimum on the mean number of steps taken in adaptive walks}",
	Journal   = "J Theor Biol",
	Year      = "2003",
	Volume    = "220",
	Number    = "2",
	Pages     = "241--7",
	Month     = "Jan",
	OPTpmid   = "12468295",
}
@Article{rokyta2005empirical,
	Author    = "Rokyta, Darin R and Joyce, Paul and Caudle, S Brian and Wichman, Holly A",
	Title     = "{An empirical test of the mutational landscape model of adaptation using a single-stranded DNA virus}",
	Journal   = "Nat Genet",
	Year      = "2005",
	Volume    = "37",
	Number    = "4",
	Pages     = "441--4",
	Month     = "Apr",
	OPTpmid   = "15778707",
}
@Article{henikoff1994protein,
	author = "Henikoff, S and Henikoff, J G",
	title = {Protein family classification based on searching a database of blocks},
	journal = "Genomics",
	year = "1994",
	volume = "19",
	number = "1",
	pages = "97-107",
	month = "Jan",
	pmid = "8188249",
	url = "http://www.hubmed.org/display.cgi?uids=8188249",
	doi = ""
}

@Article{pietrokovski1996searching,
	author = "Pietrokovski, S",
	title = {Searching databases of conserved sequence regions by aligning protein multiple-alignments},
	journal = "Nucleic Acids Res",
	year = "1996",
	volume = "24",
	number = "19",
	pages = "3836-3845",
	month = "Oct",
	pmid = "8871566",
	url = "http://www.hubmed.org/display.cgi?uids=8871566",
	doi = ""
}
@Article{rose1998consensus,
	author = "Rose, T M and Schultz, E R and Henikoff, J G and Pietrokovski, S and McCallum, C M and Henikoff, S",
	title = {Consensus-degenerate hybrid oligonucleotide primers for amplification of distantly related sequences},
	journal = "Nucleic Acids Res",
	year = "1998",
	volume = "26",
	number = "7",
	pages = "1628-1635",
	month = "Apr",
	pmid = "9512532",
	url = "http://www.hubmed.org/display.cgi?uids=9512532",
	doi = ""
}

@Article{ng2001predicting,
	author = "Ng, P C and Henikoff, S",
	title = {Predicting deleterious amino acid substitutions},
	journal = "Genome Res",
	year = "2001",
	volume = "11",
	number = "5",
	pages = "863-874",
	month = "May",
	pmid = "11337480",
	url = "http://www.hubmed.org/display.cgi?uids=11337480",
	doi = "10.1101/gr.176601"
}

@Article{jensen2006all,
	author = "Jensen, K L and Styczynski, M P and Stephanopoulos, G N",
	title = {All of your BLAST searches are wrong... sort of},
	journal = "Bioinformatics",
	pages = "submitted",
	year = "2006",
	volume = "",
	issue = ""
}

@Article{bairoch1992SWISS,
	author = "Bairoch, A and Boeckmann, B",
	title = {The SWISS-PROT protein sequence data bank},
	abstract = {},
	journal = "Nucleic Acids Res",
	year = "1992",
	volume = "20 Suppl",
	number = "",
	pages = "2019-2022",
	month = "May",
	pmid = "1598233",
	url = "http://www.hubmed.org/display.cgi?uids=1598233",
	doi = ""
}

@Article{bairoch1991PROSITE,
	author = "Bairoch, A",
	title = {PROSITE: a dictionary of sites and patterns in proteins},
	journal = "Nucleic Acids Res",
	year = "1991",
	volume = "19 Suppl",
	number = "",
	pages = "2241-2245",
	month = "Apr",
	pmid = "2041810",
	url = "http://www.hubmed.org/display.cgi?uids=2041810",
	doi = ""
}

@Article{price2005statistical,
	author = "Price, G A and Crooks, G E and Green, R E and Brenner, S E",
	title = {Statistical evaluation of pairwise protein sequence comparison with the Bayesian bootstrap},
	journal = "Bioinformatics",
	year = "2005",
	volume = "21",
	number = "20",
	pages = "3824-3831",
	month = "Oct",
	pmid = "16105900",
	url = "http://www.hubmed.org/display.cgi?uids=16105900",
	doi = "10.1093/bioinformatics/bti627"
}

@Article{henikoff1999blocks,
	author = "Henikoff, S and Henikoff, J G and Pietrokovski, S",
	title = {Blocks+: a non-redundant database of protein alignment blocks derived from multiple compilations},
	journal = "Bioinformatics",
	year = "1999",
	volume = "15",
	number = "6",
	pages = "471-479",
	month = "Jun",
	pmid = "10383472",
	url = "http://www.hubmed.org/display.cgi?uids=10383472",
	doi = ""
}

@Unpublished{henikoff2005personal,
  author =      {Henikoff, J G},
  title =       {{Fred Hutchinson Cancer Research Center}},
  note =     {{Personal communication}},
  month =    {October},
  year =        {2005},
}

@Article{notredame2000tcoffee,
	author = "Notredame, C and Higgins, D G and Heringa, J",
	title = {T-Coffee: A novel method for fast and accurate multiple sequence alignment},
	journal = "J Mol Biol",
	year = "2000",
	volume = "302",
	number = "1",
	pages = "205-217",
	month = "Sep",
	pmid = "10964570",
	url = "http://www.hubmed.org/display.cgi?uids=10964570",
	doi = "10.1006/jmbi.2000.4042"
}

@Article{wang2005correlation,
	Author    = "Wang, Guangshun and Li, Yifeng and Li, Xia",
	Title     = "{Correlation of three-dimensional structures with the antibacterial activity of a group of peptides designed based on a nontoxic bacterial membrane anchor}",
	Journal   = "J Biol Chem",
	Year      = "2005",
	Volume    = "280",
	Number    = "7",
	Pages     = "5803--11",
	Month     = "Feb",
	OPTpmid   = "15572363",
}
@Article{wu1999interaction,
	Author    = "Wu, M and Hancock, R E",
	Title     = "{Interaction of the cyclic antimicrobial cationic peptide bactenecin with the outer and cytoplasmic membrane}",
	Journal   = "J Biol Chem",
	Year      = "1999",
	Volume    = "274",
	Number    = "1",
	Pages     = "29--35",
	Month     = "Jan",
	OPTpmid   = "9867806",
}
@Article{hilpert2005high-throughput,
	Author    = "Hilpert, Kai and Volkmer-Engert, Rudolf and Walter, Tess and Hancock, Robert E W",
	Title     = "{High-throughput generation of small antibacterial peptides with improved activity}",
	Journal   = "Nat Biotechnol",
	Year      = "2005",
	Volume    = "23",
	Number    = "8",
	Pages     = "1008--12",
	Month     = "Aug",
	OPTpmid   = "16041366",
}
@Article{maizel1981enhanced,
	Author    = "Maizel, J V and Lenk, R P",
	Title     = "{Enhanced graphic matrix analysis of nucleic acid and protein sequences}",
	Journal   = "Proc Natl Acad Sci U S A",
	Year      = "1981",
	Volume    = "78",
	Number    = "12",
	Pages     = "7665--9",
	Month     = "Dec",
	OPTpmid   = "6801656",
}
@Article{schuster2004hmm,
	Author    = "Schuster-B{\"o}ckler, Benjamin and Schultz, J{\"o}rg and Rahmann, Sven",
	Title     = "{HMM Logos for visualization of protein families}",
	Journal   = "BMC Bioinformatics",
	Year      = "2004",
	Volume    = "5",
	OPTNumber = "",
	Pages     = "7",
	Month     = "Jan",
	OPTpmid   = "14736340",
}
@Article{rivas2000language,
	Author    = "Rivas, E and Eddy, S R",
	Title     = "{The language of RNA: a formal grammar that includes pseudoknots}",
	Journal   = "Bioinformatics",
	Year      = "2000",
	Volume    = "16",
	Number    = "4",
	Pages     = "334--40",
	Month     = "Apr",
	OPTpmid   = "10869031",
}
@Article{parrish-novak2000interleukin,
	Author    = "Parrish-Novak, J and Dillon, S R and Nelson, A and Hammond, A and Sprecher, C and Gross, J A and Johnston, J and Madden, K and Xu, W and West, J and Schrader, S and Burkhead, S and Heipel, M and Brandt, C and Kuijper, J L and Kramer, J and Conklin, D and Presnell, S R and Berry, J and Shiota, F and Bort, S and Hambly, K and Mudri, S and Clegg, C and Moore, M and Grant, F J and Lofton-Day, C and Gilbert, T and Rayond, F and Ching, A and Yao, L and Smith, D and Webster, P and Whitmore, T and Maurer, M and Kaushansky, K and Holly, R D and Foster, D",
	Title     = "{Interleukin 21 and its receptor are involved in NK cell expansion and regulation of lymphocyte function}",
	Journal   = "Nature",
	Year      = "2000",
	Volume    = "408",
	Number    = "6808",
	Pages     = "57--63",
	Month     = "Nov",
	OPTpmid   = "11081504",
}
@Article{waterman1984pattern,
	Author    = "Waterman, M S and Arratia, R and Galas, D J",
	Title     = "{Pattern recognition in several sequences: consensus and alignment}",
	Journal   = "Bull Math Biol",
	Year      = "1984",
	Volume    = "46",
	Number    = "4",
	Pages     = "515--27",
	Month     = "",
	OPTpmid   = "6509229",
}
@Article{mengeritsky1987recognition,
	Author    = "Mengeritsky, G and Smith, T F",
	Title     = "{Recognition of characteristic patterns in sets of functionally equivalent DNA sequences}",
	Journal   = "Comput Appl Biosci",
	Year      = "1987",
	Volume    = "3",
	Number    = "3",
	Pages     = "223--7",
	Month     = "Sep",
	OPTpmid   = "3330960",
}
@Article{stormo1989identifying,
	Author    = "Stormo, G D and Hartzell, G W",
	Title     = "{Identifying protein-binding sites from unaligned DNA fragments}",
	Journal   = "Proc Natl Acad Sci U S A",
	Year      = "1989",
	Volume    = "86",
	Number    = "4",
	Pages     = "1183--7",
	Month     = "Feb",
	OPTpmid   = "2919167",
}
@Article{staden1989methods,
	Author    = "Staden, R",
	Title     = "{Methods for discovering novel motifs in nucleic acid sequences}",
	Journal   = "Comput Appl Biosci",
	Year      = "1989",
	Volume    = "5",
	Number    = "4",
	Pages     = "293--8",
	Month     = "Oct",
	OPTpmid   = "2684350",
}
@Article{ganesh2003mopac,
author = "Ganesh, R and Siegele, D A and Ioerger, T R",
title = {MOPAC: motif finding by preprocessing and agglomerative clustering
from microarrays},
abstract = {We propose a novel strategy for discovering motifs from gene
expression data. The gene expression data in our experiments comes from DNA
Microarray analysis of the bacterium E. coli in response to recovery from
nutrient starvation. We have annotated the data and identified the upregulated
genes. Our interest is to find common regulatory motifs that are responsible
for the upregulation of these specific genes. We assume that a common motif
that a regulatory protein can bind to will be present in the upstream region
of the upregulated genes and will not be present in the upstream regions of
genes that showed a constant level of expression over time. Our objective is
to find the common motifs that are present in at least some of the upstream
sequences of upregulated genes and not present in the control set, which is
the set of genes whose expression remained the same. Because it is possible
that there could be several subsets of co-regulated genes under different
control mechanisms among the co-expressed genes, we do not want to require
motifs to be present in all upregulated sequences. Therefore, we propose a new
algorithm for finding such motifs through stages of pre-processing, denoising,
agglomerative clustering and consensus checking. Through this process, we have
found some motifs that are good candidates for further validation.},
journal = "Pac Symp Biocomput",
year = "2003",
volume = "",
number = "",
pages = "41-52",
month = "",
OPTpmid = "12603016",
url = "http://www.hubmed.org/display.cgi?uids=12603016",
doi = ""
}


@Article{van2000discovering,
	Author    = "van Helden, J and Rios, A F and Collado-Vides, J",
	Title     = "{Discovering regulatory elements in non-coding sequences by analysis of spaced dyads}",
	Journal   = "Nucleic Acids Res",
	Year      = "2000",
	Volume    = "28",
	Number    = "8",
	Pages     = "1808--18",
	Month     = "Apr",
	OPTpmid   = "10734201",
}
@Article{jacobs2000computational,
	Author    = "Jacobs Anderson, J S and Parker, R",
	Title     = "{Computational identification of cis-acting elements affecting post-transcriptional control of gene expression in Saccharomyces cerevisiae}",
	Journal   = "Nucleic Acids Res",
	Year      = "2000",
	Volume    = "28",
	Number    = "7",
	Pages     = "1604--17",
	Month     = "Apr",
	OPTpmid   = "10710427",
}
@Article{van1998extracting,
	Author    = "van Helden, J and Andr{\'e}, B and Collado-Vides, J",
	Title     = "{Extracting regulatory sites from the upstream region of yeast genes by computational analysis of oligonucleotide frequencies}",
	Journal   = "J Mol Biol",
	Year      = "1998",
	Volume    = "281",
	Number    = "5",
	Pages     = "827--42",
	Month     = "Sep",
	OPTpmid   = "9719638",
}
@Article{wolfertstetter1996identification,
	Author    = "Wolfertstetter, F and Frech, K and Herrmann, G and Werner, T",
	Title     = "{Identification of functional elements in unaligned nucleic acid sequences by a novel tuple search algorithm}",
	Journal   = "Comput Appl Biosci",
	Year      = "1996",
	Volume    = "12",
	Number    = "1",
	Pages     = "71--80",
	Month     = "Feb",
	OPTpmid   = "8670622",
}
@Article{galas1985rigorous,
	Author    = "Galas, D J and Eggert, M and Waterman, M S",
	Title     = "{Rigorous pattern-recognition methods for DNA sequences. Analysis of promoter sequences from Escherichia coli}",
	Journal   = "J Mol Biol",
	Year      = "1985",
	Volume    = "186",
	Number    = "1",
	Pages     = "117--28",
	Month     = "Nov",
	OPTpmid   = "3908689",
}
@Article{buhler2002finding,
	Author    = "Buhler, Jeremy and Tompa, Martin",
	Title     = "{Finding motifs using random projections}",
	Journal   = "J Comput Biol",
	Year      = "2002",
	Volume    = "9",
	Number    = "2",
	Pages     = "225--42",
	Month     = "",
	OPTpmid   = "12015879",
}
@Article{kielbasa2001combining,
	Author    = "Kie{\l}basa, S M and Korbel, J O and Beule, D and Schuchhardt, J and Herzel, H",
	Title     = "{Combining frequency and positional information to predict transcription factor binding sites}",
	Journal   = "Bioinformatics",
	Year      = "2001",
	Volume    = "17",
	Number    = "11",
	Pages     = "1019--26",
	Month     = "Nov",
	OPTpmid   = "11724730",
}
@Article{horton2001tsukuba,
	Author    = "Horton, P",
	Title     = "{Tsukuba BB: a branch and bound algorithm for local multiple alignment of DNA and protein sequences}",
	Journal   = "J Comput Biol",
	Year      = "2001",
	Volume    = "8",
	Number    = "3",
	Pages     = "283--303",
	Month     = "",
	OPTpmid   = "11535177",
}
@Article{marsan2000algorithms,
	Author    = "Marsan, L and Sagot, M F",
	Title     = "{Algorithms for extracting structured motifs using a suffix tree with an application to promoter and regulatory site consensus identification}",
	Journal   = "J Comput Biol",
	Year      = "2000",
	Volume    = "7",
	Number    = "3--4",
	Pages     = "345--62",
	Month     = "",
	OPTpmid   = "11108467",
}
@Article{bussemaker2000building,
	Author    = "Bussemaker, H J and Li, H and Siggia, E D",
	Title     = "{Building a dictionary for genomes: identification of presumptive regulatory sites by statistical analysis}",
	Journal   = "Proc Natl Acad Sci U S A",
	Year      = "2000",
	Volume    = "97",
	Number    = "18",
	Pages     = "10096--100",
	Month     = "Aug",
	OPTpmid   = "10944202",
}
@Article{jensen2006generic,
	Author    = "Jensen, Kyle L and Styczynski, Mark P and Rigoutsos, Isidore and Stephanopoulos, Gregory N",
	Title     = "{A generic motif discovery algorithm for sequential data}",
	Journal   = "Bioinformatics",
	Year      = "2006",
	Volume    = "22",
	Number    = "1",
	Pages     = "21--8",
	Month     = "Jan",
	OPTpmid   = "16257985",
}
@Article{sumazin2005dwe,
	Author    = "Sumazin, Pavel and Chen, Gengxin and Hata, Naoya and Smith, Andrew D and Zhang, Theresa and Zhang, Michael Q",
	Title     = "{DWE: discriminating word enumerator}",
	Journal   = "Bioinformatics",
	Year      = "2005",
	Volume    = "21",
	Number    = "1",
	Pages     = "31--8",
	Month     = "Jan",
	OPTpmid   = "15333453",
}
@Article{liang2004cwinnower,
	Author    = "Liang, S and Samanta, M P and Biegel, B A",
	Title     = "{cWINNOWER algorithm for finding fuzzy dna motifs}",
	Journal   = "J Bioinform Comput Biol",
	Year      = "2004",
	Volume    = "2",
	Number    = "1",
	Pages     = "47--60",
	Month     = "Mar",
	OPTpmid   = "15272432",
}
@Article{fogel2004discovery,
	Author    = "Fogel, Gary B and Weekes, Dana G and Varga, Gabor and Dow, Ernst R and Harlow, Harry B and Onyia, Jude E and Su, Chen",
	Title     = "{Discovery of sequence motifs related to coexpression of genes using evolutionary computation}",
	Journal   = "Nucleic Acids Res",
	Year      = "2004",
	Volume    = "32",
	Number    = "13",
	Pages     = "3826--35",
	Month     = "",
	OPTpmid   = "15266008",
}
@Article{pavesi2004weeder,
	Author    = "Pavesi, Giulio and Mereghetti, Paolo and Mauri, Giancarlo and Pesole, Graziano",
	Title     = "{Weeder Web: discovery of transcription factor binding sites in a set of sequences from co-regulated genes}",
	Journal   = "Nucleic Acids Res",
	Year      = "2004",
	Volume    = "32",
	Number    = "Web Server issue",
	Pages     = "W199--203",
	Month     = "Jul",
	OPTpmid   = "15215380",
}
@Article{hernandez2004model,
	Author    = "Hernandez, David and Gras, Robin and Appel, Ron",
	Title     = "{MoDEL: an efficient strategy for ungapped local multiple alignment}",
	Journal   = "Comput Biol Chem",
	Year      = "2004",
	Volume    = "28",
	Number    = "2",
	Pages     = "119--28",
	Month     = "Apr",
	OPTpmid   = "15130540",
}
@Article{markstein2004regulatory,
	Author    = "Markstein, Michele and Zinzen, Robert and Markstein, Peter and Yee, Ka-Ping and Erives, Albert and Stathopoulos, Angela and Levine, Michael",
	Title     = "{A regulatory code for neurogenic gene expression in the Drosophila embryo}",
	Journal   = "Development",
	Year      = "2004",
	Volume    = "131",
	Number    = "10",
	Pages     = "2387--94",
	Month     = "May",
	OPTpmid   = "15128669",
}
@Article{danilova2003an,
	Author    = "Danilova, Ludmila V and Lyubetsky, Vassily A and Gelfand, Mikhail S",
	Title     = "{An algorithm for identification of regulatory signals in unaligned DNA sequences, its testing and parallel implementation}",
	Journal   = "In Silico Biol",
	Year      = "2003",
	Volume    = "3",
	Number    = "1--2",
	Pages     = "33--47",
	Month     = "",
	OPTpmid   = "12762844",
}
@Article{siddharthan2005phylogibbs,
	Author    = "Siddharthan, Rahul and Siggia, Eric D and van Nimwegen, Erik",
	Title     = "{PhyloGibbs: a gibbs sampling motif finder that incorporates phylogeny}",
	Journal   = "PLoS Comput Biol",
	Year      = "2005",
	Volume    = "1",
	Number    = "7",
	Pages     = "e67",
	Month     = "Dec",
	OPTpmid   = "16477324",
}
@Article{macisaac2006hypothesis-based,
	Author    = "Macisaac, Kenzie D and Gordon, D Benjamin and Nekludova, Lena and Odom, Duncan T and Schreiber, Joerg and Gifford, David K and Young, Richard A and Fraenkel, Ernest",
	Title     = "{A hypothesis-based approach for identifying the binding specificity of regulatory proteins from chromatin immunoprecipitation data}",
	Journal   = "Bioinformatics",
	Year      = "2006",
	Volume    = "22",
	Number    = "4",
	Pages     = "423--9",
	Month     = "Feb",
	OPTpmid   = "16332710",
}
@Article{liu2005principal,
	Author    = "Liu, Yunlong and Vincenti, Matthew P and Yokota, Hiroki",
	Title     = "{Principal component analysis for predicting transcription-factor binding motifs from array-derived data}",
	Journal   = "BMC Bioinformatics",
	Year      = "2005",
	Volume    = "6",
	OPTNumber = "",
	Pages     = "276",
	Month     = "",
	OPTpmid   = "16297243",
}
@Article{leung2005finding,
	Author    = "Leung, Henry C M and Chin, Francis Y L",
	Title     = "{Finding exact optimal motifs in matrix representation by partitioning}",
	Journal   = "Bioinformatics",
	Year      = "2005",
	Volume    = "21 Suppl 2",
	OPTNumber = "",
	Pages     = "ii86--ii92",
	Month     = "Sep",
	OPTpmid   = "16204132",
}
@Article{zhong2005rsir,
	Author    = "Zhong, Wenxuan and Zeng, Peng and Ma, Ping and Liu, Jun S and Zhu, Yu",
	Title     = "{RSIR: regularized sliced inverse regression for motif discovery}",
	Journal   = "Bioinformatics",
	Year      = "2005",
	Volume    = "21",
	Number    = "22",
	Pages     = "4169--75",
	Month     = "Nov",
	OPTpmid   = "16166098",
}
@Article{tharakaraman2005alignments,
	Author    = "Tharakaraman, Kannan and Mari{\~n}o-Ram{\'\i}rez, Leonardo and Sheetlin, Sergey and Landsman, David and Spouge, John L",
	Title     = "{Alignments anchored on genomic landmarks can aid in the identification of regulatory elements}",
	Journal   = "Bioinformatics",
	Year      = "2005",
	Volume    = "21 Suppl 1",
	OPTNumber = "",
	Pages     = "i440--i448",
	Month     = "Jun",
	OPTpmid   = "15961489",
}
@Article{down2005nestedmica,
	Author    = "Down, Thomas A and Hubbard, Tim J P",
	Title     = "{NestedMICA: sensitive inference of over-represented motifs in nucleic acid sequence}",
	Journal   = "Nucleic Acids Res",
	Year      = "2005",
	Volume    = "33",
	Number    = "5",
	Pages     = "1445--53",
	Month     = "",
	OPTpmid   = "15760844",
}
@Article{bi2004bipartite,
	Author    = "Bi, Chengpeng and Rogan, Peter K",
	Title     = "{Bipartite pattern discovery by entropy minimization-based multiple local alignment}",
	Journal   = "Nucleic Acids Res",
	Year      = "2004",
	Volume    = "32",
	Number    = "17",
	Pages     = "4979--91",
	Month     = "",
	OPTpmid   = "15388800",
}
@article{raphael2004uniform,
 author = {Benjamin Raphael and Lung-Tien Liu and George Varghese},
 title = {A Uniform Projection Method for Motif Discovery in DNA Sequences},
 journal = {IEEE/ACM Trans. Comput. Biol. Bioinformatics},
 volume = {1},
 number = {2},
 year = {2004},
 issn = {1545-5963},
 pages = {91--94},
 doi = {http://dx.doi.org/10.1109/TCBB.2004.14},
 publisher = {IEEE Computer Society Press},
 address = {Los Alamitos, CA, USA},
 }
@inproceedings{eskin2004from,
 author = {Eleazar Eskin},
 title = {From profiles to patterns and back again: a branch and bound algorithm for finding near optimal motif profiles},
 booktitle = {RECOMB '04: Proceedings of the eighth annual international conference on Resaerch in computational molecular biology},
 year = {2004},
 isbn = {1-58113-755-9},
 pages = {115--124},
 location = {San Diego, California, USA},
 doi = {http://doi.acm.org/10.1145/974614.974630},
 publisher = {ACM Press},
 address = {New York, NY, USA},
 }
@Article{guhathakurta2001identifying,
	Author    = "GuhaThakurta, D and Stormo, G D",
	Title     = "{Identifying target sites for cooperatively binding factors}",
	Journal   = "Bioinformatics",
	Year      = "2001",
	Volume    = "17",
	Number    = "7",
	Pages     = "608--21",
	Month     = "Jul",
	OPTpmid   = "11448879",
}
@article{liu1994collapsed,
author = "J.S. Liu",
title = "The Collapsed Gibbs Sampler in Bayesian Computations with Applications to a Gene Regulation Problem",
journal = "Journal of the American Statistical Association",
volume = "89(427)",
year = "1994",
pages = "958-966",
}
@Article{goffeau1998genomic-scale,
	Author    = "Goffeau, A",
	Title     = "{Genomic-scale analysis goes upstream?}",
	Journal   = "Nat Biotechnol",
	Year      = "1998",
	Volume    = "16",
	Number    = "10",
	Pages     = "907--8",
	Month     = "Oct",
	OPTpmid   = "9788341",
}
@Article{leung1996over,
	Author    = "Leung, M Y and Marsh, G M and Speed, T P",
	Title     = "{Over- and underrepresentation of short DNA words in herpesvirus genomes}",
	Journal   = "J Comput Biol",
	Year      = "1996",
	Volume    = "3",
	Number    = "3",
	Pages     = "345--60",
	Month     = "",
	OPTpmid   = "8891954",
}
@Article{workman2000ann-spec,
author = "Workman, C T and Stormo, G D",
title = {ANN-Spec: a method for discovering transcription factor binding sites
with improved specificity},
abstract = {This work describes ANN-Spec, a machine learning algorithm and its
application to discovering un-gapped patterns in DNA sequence. The approach
makes use of an Artificial Neural Network and a Gibbs sampling method to
define the Specificity of a DNA-binding protein. ANN-Spec searches for the
parameters of a simple network (or weight matrix) that will maximize the
specificity for binding sequences of a positive set compared to a background
sequence set. Binding sites in the positive data set are found with the
resulting weight matrix and these sites are then used to define a local
multiple sequence alignment. Training complexity is O(lN) where l is the width
of the pattern and N is the size of the positive training data. A quantitative
comparison of ANN-Spec and a few related programs is presented. The comparison
shows that ANN-Spec finds patterns of higher specificity when training with a
background data set. The program and documentation are available from the
authors for UNIX systems.},
journal = "Pac Symp Biocomput",
year = "2000",
volume = "",
number = "",
pages = "467-478",
month = "",
pmid = "10902194",
url = "http://www.hubmed.org/display.cgi?uids=10902194",
doi = ""
}


@Article{wang2004apd,
	Author    = "Wang, Zhe and Wang, Guangshun",
	Title     = "{APD: the Antimicrobial Peptide Database}",
	Journal   = "Nucleic Acids Res",
	Year      = "2004",
	Volume    = "32",
	Number    = "Database issue",
	Pages     = "D590--2",
	Month     = "Jan",
	OPTpmid   = "14681488",
}
@Article{wheeler2006database,
	Author    = "Wheeler, David L and Barrett, Tanya and Benson, Dennis A and Bryant, Stephen H and Canese, Kathi and Chetvernin, Vyacheslav and Church, Deanna M and DiCuccio, Michael and Edgar, Ron and Federhen, Scott and Geer, Lewis Y and Helmberg, Wolfgang and Kapustin, Yuri and Kenton, David L and Khovayko, Oleg and Lipman, David J and Madden, Thomas L and Maglott, Donna R and Ostell, James and Pruitt, Kim D and Schuler, Gregory D and Schriml, Lynn M and Sequeira, Edwin and Sherry, Stephen T and Sirotkin, Karl and Souvorov, Alexandre and Starchenko, Grigory and Suzek, Tugba O and Tatusov, Roman and Tatusova, Tatiana A and Wagner, Lukas and Yaschenko, Eugene",
	Title     = "{Database resources of the National Center for Biotechnology Information}",
	Journal   = "Nucleic Acids Res",
	Year      = "2006",
	Volume    = "34",
	Number    = "Database issue",
	Pages     = "D173--80",
	Month     = "Jan",
	OPTpmid   = "16381840",
}
@Article{shendure2004advanced,
	Author    = "Shendure, Jay and Mitra, Robi D and Varma, Chris and Church, George M",
	Title     = "{Advanced sequencing technologies: methods and goals}",
	Journal   = "Nat Rev Genet",
	Year      = "2004",
	Volume    = "5",
	Number    = "5",
	Pages     = "335--44",
	Month     = "May",
	OPTpmid   = "15143316",
}
@Article{collins2003human,
	Author    = "Collins, Francis S and Morgan, Michael and Patrinos, Aristides",
	Title     = "{The Human Genome Project: lessons from large-scale biology}",
	Journal   = "Science",
	Year      = "2003",
	Volume    = "300",
	Number    = "5617",
	Pages     = "286--90",
	Month     = "Apr",
	OPTpmid   = "12690187",
}
@Article{benson2006genbank,
	Author    = "Benson, Dennis A and Karsch-Mizrachi, Ilene and Lipman, David J and Ostell, James and Wheeler, David L",
	Title     = "{GenBank}",
	Journal   = "Nucleic Acids Res",
	Year      = "2006",
	Volume    = "34",
	Number    = "Database issue",
	Pages     = "D16--20",
	Month     = "Jan",
	OPTpmid   = "16381837",
}
@Article{reif2002computing,
	Author    = "Reif, John H",
	Title     = "{Computing. Successes and challenges}",
	Journal   = "Science",
	Year      = "2002",
	Volume    = "296",
	Number    = "5567",
	Pages     = "478--9",
	Month     = "Apr",
	OPTpmid   = "11964464",
}
@Article{ideker2003building,
	Author    = "Ideker, Trey and Lauffenburger, Douglas",
	Title     = "{Building with a scaffold: emerging strategies for high- to low-level cellular modeling}",
	Journal   = "Trends Biotechnol",
	Year      = "2003",
	Volume    = "21",
	Number    = "6",
	Pages     = "255--62",
	Month     = "Jun",
	OPTpmid   = "12788545",
}
@Article{hwang2005data,
	Author    = "Hwang, Daehee and Rust, Alistair G and Ramsey, Stephen and Smith, Jennifer J and Leslie, Deena M and Weston, Andrea D and de Atauri, Pedro and Aitchison, John D and Hood, Leroy and Siegel, Andrew F and Bolouri, Hamid",
	Title     = "{A data integration methodology for systems biology}",
	Journal   = "Proc Natl Acad Sci U S A",
	Year      = "2005",
	Volume    = "102",
	Number    = "48",
	Pages     = "17296--301",
	Month     = "Nov",
	OPTpmid   = "16301537",
}
@Article{salazar2006bioinformatics,
	Author    = "Salazar, Carlos and Sch{\"u}tze, Jana and Ebenh{\"o}h, Oliver",
	Title     = "{Bioinformatics meets systems biology}",
	Journal   = "Genome Biol",
	Year      = "2006",
	Volume    = "7",
	Number    = "1",
	Pages     = "303",
	Month     = "",
	OPTpmid   = "16515725",
}
@Article{cukier2006navigating,
	Author    = "Cukier, Kenneth Neil",
	Title     = "{Navigating the future(s) of biotech intellectual property}",
	Journal   = "Nat Biotechnol",
	Year      = "2006",
	Volume    = "24",
	Number    = "3",
	Pages     = "249--51",
	Month     = "Mar",
	OPTpmid   = "16525371",
}
@Article{dutfield2006dna,
	Author    = "Dutfield, Graham",
	Title     = "{DNA patenting: implications for public health research}",
	Journal   = "Bull World Health Organ",
	Year      = "2006",
	Volume    = "84",
	Number    = "5",
	Pages     = "388--92",
	Month     = "May",
	OPTpmid   = "16710549",
}
@Article{krattiger2006intellectual,
	Author    = "Krattiger, Anatole and Mahoney, Richard T",
	Title     = "{Intellectual property and public health}",
	Journal   = "Bull World Health Organ",
	Year      = "2006",
	Volume    = "84",
	Number    = "5",
	Pages     = "340",
	Month     = "May",
	OPTpmid   = "16710534",
}
@Article{merz2005what,
	Author    = "Merz, Jon F and Cho, Mildred K",
	Title     = "{What are gene patents and why are people worried about them?}",
	Journal   = "Community Genet",
	Year      = "2005",
	Volume    = "8",
	Number    = "4",
	Pages     = "203--8",
	Month     = "",
	OPTpmid   = "16244473",
}
@Article{overwalle2006models,
	Author    = "Van Overwalle, Geertrui and van Zimmeren, Esther and Verbeure, Birgit and Matthijs, Gert",
	Title     = "{Models for facilitating access to patents on genetic inventions}",
	Journal   = "Nat Rev Genet",
	Year      = "2006",
	Volume    = "7",
	Number    = "2",
	Pages     = "143--8",
	Month     = "Feb",
	OPTpmid   = "16385347",
}
@Article{verbeure2006patent,
	Author    = "Verbeure, Birgit and van Zimmeren, Esther and Matthijs, Gert and Van Overwalle, Geertrui",
	Title     = "{Patent pools and diagnostic testing}",
	Journal   = "Trends Biotechnol",
	Year      = "2006",
	Volume    = "24",
	Number    = "3",
	Pages     = "115--20",
	Month     = "Mar",
	OPTpmid   = "16443296",
}
@Article{verbeure2006analysing,
	Author    = "Verbeure, Birgit and Matthijs, Gert and Van Overwalle, Geertrui",
	Title     = "{Analysing DNA patents in relation with diagnostic genetic testing}",
	Journal   = "Eur J Hum Genet",
	Year      = "2006",
	Volume    = "14",
	Number    = "1",
	Pages     = "26--33",
	Month     = "Jan",
	OPTpmid   = "16251898",
}
@Article{van2006clearing,
	Author    = "van Zimmeren, Esther and Verbeure, Birgit and Matthijs, Gert and Van Overwalle, Geertrui",
	Title     = "{A clearing house for diagnostic testing: the solution to ensure access to and use of patented genetic inventions?}",
	Journal   = "Bull World Health Organ",
	Year      = "2006",
	Volume    = "84",
	Number    = "5",
	Pages     = "352--9",
	Month     = "May",
	OPTpmid   = "16710543",
}
@Article{williams-jones2004social,
	Author    = "Williams-Jones, Bryn and Burgess, Michael M",
	Title     = "{Social contract theory and just decision making: lessons from genetic testing for the BRCA mutations}",
	Journal   = "Kennedy Inst Ethics J",
	Year      = "2004",
	Volume    = "14",
	Number    = "2",
	Pages     = "115--42",
	Month     = "Jun",
	OPTpmid   = "15281186",
}
@Article{jensen2005intellectual,
	Author    = "Jensen, Kyle and Murray, Fiona",
	Title     = "{Intellectual property. Enhanced: intellectual property landscape of the human genome}",
	Journal   = "Science",
	Year      = "2005",
	Volume    = "310",
	Number    = "5746",
	Pages     = "239--40",
	Month     = "Oct",
	OPTpmid   = "16224006",
}
