See biblatex manual 
http://mirror.ctan.org/macros/latex/contrib/biblatex/doc/biblatex.pdf
for detailed descriptions on every possible entry type and field.

Put in the full names. Abbreviations are controlled by the bibstyle.
skipbib option can be used to exclude entry from the bibliography.
Journal titles must be abbreviated manually using shortjournal.

% By simply not giving a shortjournal input, the full journal will be written.
@Article{ paper:A,
  author          = {João C. Pombo and Jorge A.C. Ambrósio},
  shortauthor     = {J. Pombo and others},
  title           = {Application of a wheel-rail contact model to railway dynamics in small radius curved tracks},
  publisher       = {Springer Science},
  year            = {2008},
  journaltitle    = {Multibody System Dynamics},
  volume          = {19},
  number          = {F4},
  pages           = {91--114},
  doi             = {10.1007/s11044-007-9094-y},
  options         = {skipbib=true},
}

@Article{ paper:B,
  author          = {Carsten Nordstrøm Jensen and Hans True},
  title           = {Application of a wheel-rail contact model to railway dynamics in small radius curved tracks},
  publisher       = {Kluwer Academic Publishers},
  year            = {1997},
  journaltitle    = {Nonlinear Dynamics},
  volume          = {13},
  number          = {37},
  pages           = {117--129},
  doi             = {abc-123123123123123},
  options         = {skipbib=true},
}

@Article{ kzfmodel_hanjalic2004,
  author          = {Kemal Hanjalic and others},
  title           = {A robust near-wall elliptic-relaxation eddy-viscosity turbulence model for CFD},
  publisher       = {Elsevier},
  year            = {2004},
  journaltitle    = {International Journal of Heat and Fluid Flow},
  shortjournal    = {Int. J. Heat Fluid Flow},
  volume          = {25},
  pages           = {1047--1051},
}

@Manual{ matlab:ode,
  publisher       = {Mathworks},
  year            = {2008},
  title           = {MATLAB manual},
  subtitle        = {Ordinary Differential Equations},
  version         = {7.8},
  url             = {http://www.mathworks.com/access/helpdesk/help/techdoc/ref/ode45.html},
}

@Book{ numerical_analysis_of_de_aiserles,
  author          = {Arieh Iserles},
  title           = {A First Course in the Numerical Analysis of Differential Equations},
  publisher       = {Cambridge University Press},
  year            = {2004},
  isbn            = {0-521-55655-4},
}
