@BOOK{DUMMY:1,
	AUTHOR="John Doe",
	TITLE="The Book without Title",
	PUBLISHER="Dummy Publisher",
	YEAR="2010",
}
@inproceedings{linh2002line,
	title={On-line heart beat recognition using Hermite polynomials and neuro-fuzzy network},
	author={Tran Hoai Linh and Stanislaw Osowski and Maciej Stodolski},
	booktitle={Instrumentation and Measurement Technology Conference, 2002. IMTC/2002. Proceedings of the 19th IEEE},
	volume={1},
	pages={165--170},
	year={2002},
	organization={IEEE}
}
@book{ogata2010modern,
	title={Modern Control Engineering},
	author={Katsuhiko Ogata},
	isbn={9780136156734},
	lccn={2010483801},
	series={Instrumentation and controls series},
	url={https://books.google.pl/books?id=Wu5GpNAelzkC},
	year={2010},
	publisher={Prentice Hall}
}
@online{WinNT,
	author = {MultiMedia LLC},
	title = {{MS Windows NT} Kernel Description},
	year = 1999,
	url = {http://web.archive.org/web/20080207010024/http://www.808multimedia.com/winnt/kernel.htm},
	urldate = {2010-09-30}
}
@Online{Zotero,
	title = {Zotero Home}, 
	author = "{Zotero}", 
	year = 2016, 
	url = {https://www.zotero.org/}, 
	urldate = {2016-12-26} }