@Book{ Dantzig1963,
	title = "Linear programming and extensions",
	author = "B Dantzig",
	publisher = "Princeton University Press",
	address = "Princeton (NJ)",
	edition = "2",
	year = "1963"
}

@Book{ DantzigWolfson1965,
	title = "Linear programming: A unified approach",
	author = "B Dantzig and G Wolfson",
	publisher = "John Wiley \& Sons",
	address = "New York (NY)",
	edition = "3",
	year = "1965"
}

@Book{ DantzigWolfsonSmith1972,
	title = "Mathematical programming",
	author = "B Dantzig and G Wolfson and D Smith",
	publisher = "Springer Verlag",
	address = "Berlin",
	year = "1972"
}

@Book{ ColbournDinitz1996,
	title = "The {CRC} handbook of combinatorial designs",
	editor = "C J Colbourn and J H Dinitz",
	publisher = "CRC Press",
	address = "Boca Raton (FL)",
	year = "1996"
}

@Book{ WaterResourcesSA1995,
	title = "Water resources of South Africa",
	publisher = "ABC Publishers",
	address = "Cape Town",
	year = "1995"
}

@InBook{ Stinson1996,
	title = "Coverings",
	author = "D R Stinson",
	editor = "C J Colbourn and J H Dinitz",
	booktitle = "The {CRC} handbook of combinatorial designs",
	pages = "260--265",
	publisher = "CRC Press",
	address = "Boca Raton (FL)",
	year = "1996"
}

@Book{ Procter1978,
	title = "The Longman dictionary of contemporary {E}nglish",
	editor = "P Procter",
	publisher = "Longman",
	address = "Harlow",
	year = "1978"
}

@Thesis{ Ortmann2005,
	title = "Modelling the {S}outh {A}frican fresh fruit export supply chain",
	author = "F G Ortmann",
	type = "MSc Thesis",
	institution = "Stellenbosch University",
	address = "Stellenbosch",
	year = "2005"
}

@Article{ WaterResourcesSA1995book,
	title = "Water resources of {S}outh {A}frica",
	journal = "Journal of Hydrology",
	volume = "54",
	number = "2",
	pages = "542--567",
	year = "1995"
}

@Article{ Dantzig1963article,
	title = "Linear programming and extensions",
	author = "B Dantzig",
	journal = "Mathematical Programming",
	volume = "4",
	pages = "45--81",
	year = "1963"
}

@Article{ DantzigWolfson1965article,
	title = "Linear programming: A unified approach",
	author = "B Dantzig and G Wolfson",
	journal = "Operations Research",
	volume = "8",
	pages = "133--189",
	year = "1965"
}

@Article{ DantzigWolfsonSmith1972article,
	title = "Convergence of the simplex algorithm",
	author = "B Dantzig and G Wolfson and D Smith",
	journal = "Journal of the Operational Research Society",
	volume = "12",
	pages = "44--90",
	year = "1972"
}

@Article{ Zhou2006,
	title = "{OR} and study abroad",
	author = "C Zhou",
	journal = "ORMS Today",
	month = "April",
	pages = "10",
	year = "2006"
}

@Article{ ScienceOfBetter,
	title = "Operations research: The science of better",
	author = "Anonymous",
	journal = "Cape Times",
	month = "5",
	day = "22",
	year = "2006",
	pages = "7"
}

@Electronic{ Skiena2004,
	title = "The algorithm design manual",
	author = "S S Skiena",
	url = "http://www2.toki.or.id/book/algdesignmanual/index.htm",
	day = "9",
	month = "September",
	urlyear = "2004",
	year = "1997"
}

@InProceedings{ WilkinsonGupta1969,
	title = "Allocating promotional effort to competing activities: A dynamic programming approach",
	author = "C Wilkinson and S K Gupta",
	booktitle = "Triennial Conference of the International Federation of Operations Research Societies",
	number = "5",
	location = "Venice",
	pages = "1419--1432",
	year = "1969"
}

@InProceedings{ de2010comparing,
	title = "Comparing vessel trajectories using geographical domain knowledge and alignments",
	author = "G. K. D. de Vries and W. R. van Hage and M. van Someren",
	booktitle = "IEEE International Conference on Data Mining Workshops",
	number = "10",
	pages = "209--216",
	year = "2010",
	publisher = "IEEE Computer Society",
	address = "Sydney",
	editor = "Wei Fan and Wynne Hsu and Geoffrey I. Webb and Bing Liu and Chengqi Zhang and Dimitrios Gunopulos and Xindong Wu"
}

@TechReport{ Hamming1956,
	title = "On the amount of redundancy required to correct information errors",
	author = "R Hamming",
	number = "TR 1956-371",
	institution = "Bell Laboratories",
	address = "Murray Hill (NJ)",
	year = "1956"
}

@Unpublished{ Hamming1956u,
	title = "On the amount of redundancy required to correct information errors",
	author = "R Hamming",
	note = "Submitted to Information Theory",
}

@Communication{ Smith2003,
	author = "G Smith",
	year = "2003",
	note = "Production Floor Manager",
	organization = "Cardboard Boxes for Africa",
	url = "g.smith@cbfa.co.za"
}

@Misc{ Mynhardt1982,
	title = "Enigste gids vir grafiekteorie",
	author = "C M Mynhardt",
	note = "Lecture Notes, UNISA, Pretoria",
	year = "1982"
}

