@comment{This file has been generated by Pybliographer}


@Article{miyakawa:1989,
  Author         = {Miyakawa, Masahiro},
  Title          = {Criteria for selecting a variable in the construction
                   of efficient decision trees},
  Journal        = {Computers, IEEE Transactions on},
  Volume         = {38},
  Number         = {1},
  Pages          = {130--141},
  publisher      = {IEEE},
  year           = 1989
}

@InProceedings{freund:1995,
  Author         = {Freund, Yoav and Schapire, Robert E},
  Title          = {A desicion-theoretic generalization of on-line
                   learning and an application to boosting},
  BookTitle      = {Computational learning theory},
  Pages          = {23--37},
  Organization   = {Springer},
  year           = 1995
}

@Article{breiman:2001,
  Author         = {Breiman, L.},
  Title          = {{Random Forests}},
  Journal        = {Machine learning},
  Volume         = {45},
  Number         = {1},
  Pages          = {5--32},
  publisher      = {Springer},
  year           = 2001
}

@Article{saeys:2012,
  Author         = {Huynh-Thu, V{\^a}n Anh  and Saeys, Yvan and Wehenkel, Louis and Geurts, Pierre and
                   others},
  Title          = {Statistical interpretation of machine learning-based
                   feature importance scores for biomarker discovery},
  Journal        = {Bioinformatics},
  Volume         = {28},
  Number         = {13},
  Pages          = {1766--1774},
  publisher      = {Oxford Univ Press},
  year           = 2012
}

@article{geurts:2009,
  title={Supervised learning with decision tree-based methods in computational and systems biology},
  author={Geurts, Pierre and Irrthum, Alexandre and Wehenkel, Louis},
  journal={Molecular Biosystems},
  volume={5},
  number={12},
  pages={1593--1605},
  year={2009},
  publisher={Royal Society of Chemistry}
}

@Article{boulesteix:2012,
  Author         = {Boulesteix, Anne-Laure and Janitza, Silke and Kruppa,
                   Jochen and K{\"o}nig, Inke R},
  Title          = {Overview of random forest methodology and practical
                   guidance with emphasis on computational biology and
                   bioinformatics},
  Journal        = {Wiley Interdisciplinary Reviews: Data Mining and
                   Knowledge Discovery},
  Volume         = {2},
  Number         = {6},
  Pages          = {493--507},
  publisher      = {Wiley Online Library},
  year           = 2012
}

@Article{demsar:2013,
  Author         = {Janez Dem\v{s}ar and Toma\v{z} Curk and Ale\v{s}
                   Erjavec and \v{C}rt Gorup and Toma\v{z} Ho\v{c}evar and
                   Mitar Milutinovi\v{c} and Martin Mo\v{z}ina and Matija
                   Polajnar and Marko Toplak and An\v{z}e Stari\v{c} and
                   Miha \v{S}tajdohar and Lan Umek and Lan \v{Z}agar and
                   Jure \v{Z}bontar and Marinka \v{Z}itnik and Bla\v{z}
                   Zupan},
  Title          = {Orange: Data Mining Toolbox in Python},
  Journal        = {Journal of Machine Learning Research},
  Volume         = {14},
  Pages          = {2349-2353},
  year           = 2013
}

@InProceedings{heath:1993,
  Author         = {Heath, David and Kasif, Simon and Salzberg, Steven},
  Title          = {Induction of oblique decision trees},
  BookTitle      = {IJCAI},
  Pages          = {1002--1007},
  Organization   = {Citeseer},
  year           = 1993
}

@InProceedings{boser:1992,
  Author         = {Boser, Bernhard E and Guyon, Isabelle M and Vapnik,
                   Vladimir N},
  Title          = {A training algorithm for optimal margin classifiers},
  BookTitle      = {Proceedings of the fifth annual workshop on
                   Computational learning theory},
  Pages          = {144--152},
  Organization   = {ACM},
  year           = 1992
}

@InCollection{friedman:1979,
  Author         = {Friedman, Jerome H},
  Title          = {A tree-structured approach to nonparametric multiple
                   regression},
  BookTitle      = {Smoothing techniques for curve estimation},
  Publisher      = {Springer},
  Pages          = {5--22},
  year           = 1979
}

@Article{bengio:2013,
  Author         = {Bengio, Y. and Courville, A. and Vincent, P.},
  Title          = {Representation learning: A review and new perspectives},
  publisher      = {IEEE},
  year           = 2013
}

@Book{sedgewick:2011,
  Author         = {Sedgewick, R. and Wayne, K.},
  Title          = {Algorithms},
  Publisher      = {Pearson Education},
  year           = 2011
}

@InProceedings{narayanan:2007,
  Author         = {Narayanan, Ramanathan and Honbo, Daniel and Memik,
                   Gokhan and Choudhary, Alok and Zambreno, Joseph},
  Title          = {Interactive presentation: An FPGA implementation of
                   decision tree classification},
  BookTitle      = {Proceedings of the conference on Design, automation
                   and test in Europe},
  Pages          = {189--194},
  Organization   = {EDA Consortium},
  year           = 2007
}

@TechReport{breiman:2004,
  Author         = {Breiman, Leo},
  Title          = {Consistency for a simple model of random forests},
  Institution    = {UC Berkeley},
  year           = 2004
}

@Article{geman:1992,
  Author         = {Geman, Stuart and Bienenstock, Elie and Doursat,
                   Ren{\'e}},
  Title          = {Neural networks and the bias/variance dilemma},
  Journal        = {Neural computation},
  Volume         = {4},
  Number         = {1},
  Pages          = {1--58},
  publisher      = {MIT Press},
  year           = 1992
}

@Article{arlot:2010,
  Author         = {Arlot, S. and Celisse, A.},
  Title          = {A survey of cross-validation procedures for model
                   selection},
  Journal        = {Statistics Surveys},
  Volume         = {4},
  Pages          = {40--79},
  publisher      = {The author, under a Creative Commons Attribution
                   License},
  year           = 2010
}

@Article{gini:1912,
  Author         = {Gini, Corrado},
  Title          = {Variabilit{\`a} e mutabilit{\`a}},
  Journal        = {Reprinted in Memorie di metodologica statistica (Ed.
                   Pizetti E, Salvemini, T). Rome: Libreria Eredi Virgilio
                   Veschi},
  Volume         = {1},
  year           = 1912
}

@Article{marbach:2012,
  Author         = {Marbach, Daniel and Costello, James C and K{\"u}ffner,
                   Robert and Vega, Nicole M and Prill, Robert J and
                   Camacho, Diogo M and Allison, Kyle R and Kellis,
                   Manolis and Collins, James J and Stolovitzky, Gustavo
                   and others},
  Title          = {Wisdom of crowds for robust gene network inference},
  Journal        = {Nature methods},
  Volume         = {9},
  Number         = {8},
  Pages          = {796--804},
  publisher      = {Nature Publishing Group},
  year           = 2012
}

@Article{kim:2001,
  Author         = {Kim, Hyunjoong and Loh, Wei-Yin},
  Title          = {Classification trees with unbiased multiway splits},
  Journal        = {Journal of the American Statistical Association},
  Volume         = {96},
  Number         = {454},
  year           = 2001
}

@Article{mantaras:1991,
  Author         = {De M{\'a}ntaras, R L{\'o}pez},
  Title          = {A distance-based attribute selection measure for
                   decision tree induction},
  Journal        = {Machine learning},
  Volume         = {6},
  Number         = {1},
  Pages          = {81--92},
  publisher      = {Springer},
  year           = 1991
}

@InCollection{geurts:2000,
  Author         = {Geurts, Pierre and Wehenkel, Louis},
  Title          = {Investigation and reduction of discretization variance
                   in decision tree induction},
  BookTitle      = {Machine Learning: ECML 2000},
  Publisher      = {Springer},
  Pages          = {162--170},
  year           = 2000
}

@Article{hoecker:2007,
  Author         = {Hoecker, Andreas and Speckmayer, Peter and Stelzer,
                   Joerg and Therhaag, Jan and von Toerne, Eckhard and
                   Voss, Helge and Backes, M and Carli, T and Cohen, O and
                   Christov, A and others},
  Title          = {TMVA-Toolkit for multivariate data analysis},
  Journal        = {arXiv preprint physics/0703039},
  year           = 2007
}

@Article{vitek:2013,
  Author         = {Vitek, Jan},
  Title          = {{How to grow Distributed Random Forests}},
  year           = 2013
}

@Article{dietterich:2000,
  Author         = {Dietterich, Thomas G},
  Title          = {An experimental comparison of three methods for
                   constructing ensembles of decision trees: Bagging,
                   boosting, and randomization},
  Journal        = {Machine learning},
  Volume         = {40},
  Number         = {2},
  Pages          = {139--157},
  publisher      = {Springer},
  year           = 2000
}

@Book{scholkopf:2001,
  Author         = {Scholkopf, Bernhard and Smola, Alexander J},
  Title          = {Learning with kernels: support vector machines,
                   regularization, optimization, and beyond},
  Publisher      = {MIT press},
  year           = 2001
}

@Article{botta:2013,
  Author         = {Botta, Vincent},
  Title          = {A walk into random forests: adaptation and application
                   to Genome-Wide Association Studies},
  publisher      = {Universit{\'e} de Li{\`e}ge,​ Li{\`e}ge,​​
                   Belgique},
  year           = 2013
}

@Article{friedman:1977,
  Author         = {Friedman, Jerome H.},
  Title          = {A recursive partitioning decision rule for
                   nonparametric classification},
  Journal        = {Computers, IEEE Transactions on},
  Volume         = {100},
  Number         = {4},
  Pages          = {404--408},
  publisher      = {IEEE},
  year           = 1977
}

@Book{sonquist:1974,
  Author         = {Sonquist, John A and Baker, Elizabeth Lauh and Morgan,
                   James N},
  Title          = {Searching for structure: An approach to analysis of
                   substantial bodies of micro-data and documentation for
                   a computer program},
  Publisher      = {Survey Research Center, University of Michigan Ann
                   Arbor, MI},
  year           = 1974
}

@Article{qi:2006,
  Author         = {Qi, Yanjun and Bar-Joseph, Ziv and Klein-Seetharaman,
                   Judith},
  Title          = {Evaluation of different biological data and
                   computational classification methods for use in protein
                   interaction prediction},
  Journal        = {Proteins: Structure, Function, and Bioinformatics},
  Volume         = {63},
  Number         = {3},
  Pages          = {490--500},
  publisher      = {Wiley Online Library},
  year           = 2006
}

@InProceedings{zinkevich:2010,
  Author         = {Martin Zinkevich and Markus Weimer and Alex Smola and
                   Lihong Li},
  Title          = {Parallelized Stochastic Gradient Descent},
  BookTitle      = {Advances in Neural Information Processing Systems 23},
  Editor         = {J. Lafferty and C. K. I. Williams and J. Shawe-Taylor
                   and R.S. Zemel and A. Culotta},
  Pages          = {2595--2603},
  year           = 2010
}

@Book{zighed:2000,
  Author         = {Zighed, Djamel Abdelkader and Rakotomalala, Ricco},
  Title          = {Graphes d'induction: apprentissage et data mining},
  Publisher      = {Hermes Paris},
  year           = 2000
}

@Article{scornet:2014,
  Author         = {Scornet, Erwan and Biau, G{\'e}rard and Vert,
                   Jean-Philippe},
  Title          = {Consistency of Random Forests},
  Journal        = {arXiv preprint arXiv:1405.2881},
  year           = 2014
}

@Article{guyon:2003,
  Author         = {Guyon, Isabelle and Elisseeff, Andr{\'e}},
  Title          = {An introduction to variable and feature selection},
  Journal        = {The Journal of Machine Learning Research},
  Volume         = {3},
  Pages          = {1157--1182},
  publisher      = {JMLR. org},
  year           = 2003
}

@Book{kocev:2007,
  Author         = {Kocev, Dragi and Vens, Celine and Struyf, Jan and
                   D{\v{z}}eroski, Sa{\v{s}}o},
  Title          = {Ensembles of multi-objective decision trees},
  Publisher      = {Springer},
  year           = 2007
}

@Article{blumer:1987,
  Author         = {Blumer, Anselm and Ehrenfeucht, Andrzej and Haussler,
                   David and Warmuth, Manfred K},
  Title          = {Occam's razor},
  Journal        = {Information processing letters},
  Volume         = {24},
  Number         = {6},
  Pages          = {377--380},
  publisher      = {Elsevier},
  year           = 1987
}

@Article{lunetta:2004,
  Author         = {Lunetta, Kathryn L and Hayward, L Brooke and Segal,
                   Jonathan and Van Eerdewegh, Paul},
  Title          = {Screening large-scale association study data:
                   exploiting interactions using random forests},
  Journal        = {BMC genetics},
  Volume         = {5},
  Number         = {1},
  Pages          = {32},
  publisher      = {BioMed Central Ltd},
  year           = 2004
}

@Article{yuan:1995,
  Author         = {Yuan, Yufei and Shaw, Michael J},
  Title          = {Induction of fuzzy decision trees},
  Journal        = {Fuzzy Sets and systems},
  Volume         = {69},
  Number         = {2},
  Pages          = {125--139},
  publisher      = {Elsevier},
  year           = 1995
}

@Article{wolpert:1999,
  Author         = {Wolpert, David H and Macready, William G},
  Title          = {An efficient method to estimate bagging's
                   generalization error},
  Journal        = {Machine Learning},
  Volume         = {35},
  Number         = {1},
  Pages          = {41--55},
  publisher      = {Springer},
  year           = 1999
}

@Article{sutera:2014,
  Author         = {Sutera, Antonio and Joly, Arnaud and Francois-Lavet
                   Vincent and Qiu, Aaron and Louppe, Gilles and Ernest,
                   Damien and Geurts, Pierre},
  Title          = {Simple connectome inference from partial correlation
                   statistics in calcium imaging},
  year           = 2014
}

@Article{genuer:2010,
  Author         = {Genuer, Robin and Poggi, Jean-Michel and Tuleau-Malot,
                   Christine},
  Title          = {Variable selection using random forests},
  Journal        = {Pattern Recognition Letters},
  Volume         = {31},
  Number         = {14},
  Pages          = {2225--2236},
  publisher      = {Elsevier},
  year           = 2010
}

@Article{toussaint:1974,
  Author         = {Toussaint, G.},
  Title          = {Bibliography on estimation of misclassification},
  Journal        = {Information Theory, IEEE Transactions on},
  Volume         = {20},
  Number         = {4},
  Pages          = {472--479},
  publisher      = {IEEE},
  year           = 1974
}

@Article{rodriguez:2006,
  Author         = {Rodriguez, Juan Jos{\'e} and Kuncheva, Ludmila I and
                   Alonso, Carlos J},
  Title          = {Rotation forest: A new classifier ensemble method},
  Journal        = {Pattern Analysis and Machine Intelligence, IEEE
                   Transactions on},
  Volume         = {28},
  Number         = {10},
  Pages          = {1619--1630},
  publisher      = {IEEE},
  year           = 2006
}

@Article{ishwaran:2007,
  Author         = {Ishwaran, Hemant},
  Title          = {Variable importance in binary regression trees and
                   forests},
  Journal        = {Electronic Journal of Statistics},
  Volume         = {1},
  Pages          = {519--537},
  publisher      = {Institute of Mathematical Statistics},
  year           = 2007
}

@Article{friedman:1991,
  Author         = {Friedman, Jerome H},
  Title          = {Multivariate adaptive regression splines},
  Journal        = {The annals of statistics},
  Pages          = {1--67},
  publisher      = {JSTOR},
  year           = 1991
}

@incollection{geurts:2005,
  title={Bias vs variance decomposition for regression and classification},
  author={Geurts, Pierre},
  booktitle={Data Mining and Knowledge Discovery Handbook},
  pages={749--763},
  year={2005},
  publisher={Springer}
}

@Article{geurts:2006,
  Author         = {Geurts, P. and Ernst, D. and Wehenkel, L.},
  Title          = {Extremely randomized trees},
  Journal        = {Machine Learning},
  Volume         = {63},
  Number         = {1},
  Pages          = {3--42},
  publisher      = {Springer},
  year           = 2006
}

@inproceedings{geurts:2006b,
  title={Kernelizing the output of tree-based methods},
  author={Geurts, Pierre and Wehenkel, Louis and d'Alch{\'e}-Buc, Florence},
  booktitle={Proceedings of the 23rd international conference on Machine learning},
  pages={345--352},
  year={2006},
  organization={Acm}
}

@article{blockeel:2000,
  title={Top-down induction of clustering trees},
  author={Blockeel, Hendrik and De Raedt, Luc and Ramon, Jan},
  journal={arXiv preprint cs/0011032},
  year={2000}
}

@PhdThesis{zhao:2000,
  Author         = {Zhao, Guohua},
  Title          = {A new perspective on classification},
  School         = {Utah State University, Department of Mathematics and
                   Statistics},
  year           = 2000
}

@Article{van:2008,
  Author         = {Huynh-Thu, V{\^a}n Anh and Wehenkel, Louis and Geurts,
                   Pierre},
  Title          = {Exploiting tree-based variable importances to
                   selectively identify relevant variables.},
  Journal        = {Journal of Machine Learning Research-Proceedings Track},
  Volume         = {4},
  Pages          = {60--73},
  year           = 2008
}

@Article{friedman:2001,
  Author         = {Friedman, Jerome H},
  Title          = {Greedy function approximation: a gradient boosting
                   machine},
  Journal        = {Annals of Statistics},
  Pages          = {1189--1232},
  publisher      = {JSTOR},
  year           = 2001
}

@Article{botta:2014,
  Author         = {Botta, Vincent and Louppe, Gilles and Geurts, Pierre
                   and Wehenkel, Louis},
  Title          = {Exploiting SNP Correlations within Random Forest for
                   Genome-Wide Association Studies},
  Journal        = {PloS one},
  Volume         = {9},
  Number         = {4},
  Pages          = {e93379},
  publisher      = {Public Library of Science},
  year           = 2014
}

@Article{demsar:2006,
  Author         = {Demsar, J.},
  Title          = {Statistical comparisons of classifiers over multiple
                   data sets},
  Journal        = {The Journal of Machine Learning Research},
  Volume         = {7},
  Pages          = {1--30},
  publisher      = {JMLR. org},
  year           = 2006
}

@Article{quinlan:1986,
  Author         = {Quinlan, J. Ross},
  Title          = {Induction of decision trees},
  Journal        = {Machine learning},
  Volume         = {1},
  Number         = {1},
  Pages          = {81--106},
  publisher      = {Springer},
  year           = 1986
}

@Article{gillo:1972,
  Author         = {Gillo, MW},
  Title          = {MAID: A Honeywell 600 program for an automatised
                   survey analysis},
  Journal        = {Behavioral Science},
  Volume         = {17},
  Pages          = {251--252},
  year           = 1972
}

@Article{biau:2012,
  Author         = {Biau, G{\'e}rard},
  Title          = {Analysis of a random forests model},
  Journal        = {The Journal of Machine Learning Research},
  Volume         = {98888},
  Pages          = {1063--1095},
  publisher      = {JMLR. org},
  year           = 2012
}

@Book{maimon:2005,
  Author         = {Maimon, Oded Z and Rokach, Lior},
  Title          = {Data mining and knowledge discovery handbook},
  Publisher      = {Springer},
  Volume         = {1},
  year           = 2005
}

@Article{efron:1979,
  Author         = {Efron, Bradley},
  Title          = {Bootstrap methods: another look at the jackknife},
  Journal        = {The annals of Statistics},
  Pages          = {1--26},
  publisher      = {JSTOR},
  year           = 1979
}

@InProceedings{tuv:2006,
  Author         = {Tuv, Eugene and Borisov, Alexander and Torkkola, Kari},
  Title          = {Feature selection using ensemble based ranking against
                   artificial contrasts},
  BookTitle      = {Neural Networks, 2006. IJCNN'06. International Joint
                   Conference on},
  Pages          = {2181--2186},
  Organization   = {IEEE},
  year           = 2006
}

@Article{guyon:1997,
  Author         = {Guyon, I.},
  Title          = {A scaling law for the validation-set training-set size
                   ratio},
  Journal        = {AT\&T Bell Laboratories},
  publisher      = {Citeseer},
  year           = 1997
}

@Article{hyafil:1976,
  Author         = {Hyafil, Laurent and Rivest, Ronald L},
  Title          = {Constructing optimal binary decision trees is
                   NP-complete},
  Journal        = {Information Processing Letters},
  Volume         = {5},
  Number         = {1},
  Pages          = {15--17},
  publisher      = {Elsevier},
  year           = 1976
}

@Book{zhou:2012,
  Author         = {Zhou, Zhi-Hua},
  Title          = {Ensemble methods: foundations and algorithms},
  Publisher      = {CRC Press},
  year           = 2012
}

@Article{olaru:2003,
  Author         = {Olaru, Cristina and Wehenkel, Louis},
  Title          = {A complete fuzzy decision tree technique},
  Journal        = {Fuzzy sets and systems},
  Volume         = {138},
  Number         = {2},
  Pages          = {221--254},
  publisher      = {Elsevier},
  year           = 2003
}

@Book{bishop:2006,
  Author         = {Bishop, C. and Nasrabadi, N.},
  Title          = {Pattern recognition and machine learning},
  Publisher      = {springer New York},
  Volume         = {1},
  year           = 2006
}

@Article{amy:2014,
  Author         = {McGovern, Amy and John Gagne II, David and Eustaquio,
                   Lucas and Titericz, Gilberto and Lazorthes, Benjamin
                   and Zhang, Owen and Louppe, Gilles and Prettenhofer,
                   Peter and Basara, Jeffrey and Hamill, Thomas and
                   Margolin, David},
  Title          = {Solar Energy Prediction: An International Contest to
                   Initiate Interdisciplinary Research on Compelling
                   Meteorological Problems},
  year           = 2014
}

@Article{white:1994,
  Author         = {White, Allan P and Liu, Wei Zhong},
  Title          = {Technical note: Bias in information-based measures in
                   decision tree induction},
  Journal        = {Machine Learning},
  Volume         = {15},
  Number         = {3},
  Pages          = {321--329},
  publisher      = {Springer},
  year           = 1994
}

@InCollection{dietterich:2000b,
  Author         = {Dietterich, Thomas G},
  Title          = {Ensemble methods in machine learning},
  BookTitle      = {Multiple classifier systems},
  Publisher      = {Springer},
  Pages          = {1--15},
  year           = 2000
}

@Article{cover:1967,
  Author         = {Cover, Thomas and Hart, Peter},
  Title          = {Nearest neighbor pattern classification},
  Journal        = {Information Theory, IEEE Transactions on},
  Volume         = {13},
  Number         = {1},
  Pages          = {21--27},
  publisher      = {IEEE},
  year           = 1967
}

@Article{perez:2007,
  Author         = {Perez, Fernando and Granger, Brian E.},
  Title          = {{IPython}: a system for interactive scientific
                   computing},
  Journal        = {CiSE},
  Volume         = {9},
  Number         = {3},
  Pages          = {21--29},
  year           = 2007
}

@Article{ho:1998,
  Author         = {Ho, Tin Kam},
  Title          = {The random subspace method for constructing decision
                   forests},
  Journal        = {Pattern Analysis and Machine Intelligence, IEEE
                   Transactions on},
  Volume         = {20},
  Number         = {8},
  Pages          = {832--844},
  publisher      = {IEEE},
  year           = 1998
}

@Book{bryson:1975,
  Author         = {Bryson, Arthur Earl},
  Title          = {Applied optimal control: optimization, estimation and
                   control},
  Publisher      = {CRC Press},
  year           = 1975
}

@InProceedings{mitchell:2011,
  Author         = {Mitchell, Lawrence and Sloan, Terence M and Mewissen,
                   Muriel and Ghazal, Peter and Forster, Thorsten and
                   Piotrowski, Michal and Trew, Arthur S},
  Title          = {A parallel random forest classifier for R},
  BookTitle      = {Proceedings of the second international workshop on
                   Emerging computational methods for the life sciences},
  Pages          = {1--6},
  Organization   = {ACM},
  year           = 2011
}

@Book{quinlan:1993,
  Author         = {Quinlan, John Ross},
  Title          = {C4.5: programs for machine learning},
  Publisher      = {Morgan kaufmann},
  Volume         = {1},
  year           = 1993
}

@InProceedings{goebel:2005,
  Author         = {Goebel, Bernhard and Dawy, Zaher and Hagenauer,
                   Joachim and Mueller, Jakob C},
  Title          = {An approximation to the distribution of finite sample
                   size mutual information estimates},
  BookTitle      = {Communications, 2005. ICC 2005. 2005 IEEE
                   International Conference on},
  Volume         = {2},
  Pages          = {1102--1106},
  Organization   = {IEEE},
  year           = 2005
}

@Book{cover:2012,
  Author         = {Cover, Thomas M and Thomas, Joy A},
  Title          = {Elements of information theory},
  Publisher      = {Wiley-interscience},
  year           = 2012
}

@Article{adamo:1980,
  Author         = {Adamo, JM},
  Title          = {Fuzzy decision trees},
  Journal        = {Fuzzy sets and systems},
  Volume         = {4},
  Number         = {3},
  Pages          = {207--219},
  publisher      = {Elsevier},
  year           = 1980
}

@Book{goodrich:2006,
  Author         = {Goodrich, Michael T and Tamassia, Roberto},
  Title          = {Algorithm Design: Foundation, Analysis and Internet
                   Examples},
  Publisher      = {John Wiley \& Sons},
  year           = 2006
}

@InProceedings{kohavi:1996,
  Author         = {Kohavi, Ron and Wolpert, David H and others},
  Title          = {Bias plus variance decomposition for zero-one loss
                   functions},
  BookTitle      = {ICML},
  Pages          = {275--283},
  year           = 1996
}

@Article{liu:2005,
  Author         = {Liu, Huan and Yu, Lei},
  Title          = {Toward integrating feature selection algorithms for
                   classification and clustering},
  Journal        = {Knowledge and Data Engineering, IEEE Transactions on},
  Volume         = {17},
  Number         = {4},
  Pages          = {491--502},
  publisher      = {IEEE},
  year           = 2005
}

@Article{panov:2007,
  Author         = {Panov, P. and D{\v{z}}eroski, S.},
  Title          = {Combining bagging and random subspaces to create
                   better ensembles},
  Journal        = {Advances in intelligent data analysis VII},
  Pages          = {118--129},
  publisher      = {Springer},
  year           = 2007
}

@Book{martin:1995,
  Author         = {Martin, J Kent and Hirschberg, Daniel S},
  Title          = {The time complexity of decision tree induction},
  Publisher      = {Citeseer},
  year           = 1995
}

@TechReport{breiman2000some,
  Author         = {Breiman, Leo},
  Title          = {Some infinity theory for predictor ensembles},
  Institution    = {Technical Report 579, Statistics Dept. UCB},
  year           = 2000
}

@Article{meng:2009,
  Author         = {Meng, Yan A and Yu, Yi and Cupples, L Adrienne and
                   Farrer, Lindsay A and Lunetta, Kathryn L},
  Title          = {Performance of random forest when SNPs are in linkage
                   disequilibrium},
  Journal        = {BMC bioinformatics},
  Volume         = {10},
  Number         = {1},
  Pages          = {78},
  publisher      = {BioMed Central Ltd},
  year           = 2009
}

@InProceedings{basilico:2011,
  Author         = {Basilico, J.D. and Munson, M.A. and Kolda, T.G. and
                   Dixon, K.R. and Kegelmeyer, W.P.},
  Title          = {COMET: A Recipe for Learning and Using Large Ensembles
                   on Massive Data},
  BookTitle      = {Data Mining (ICDM), 2011 IEEE 11th International
                   Conference on},
  Pages          = {41--50},
  Organization   = {IEEE},
  year           = 2011
}

@InProceedings{moosmann:2006,
  Author         = {Moosmann, Frank and Triggs, Bill and Jurie, Frederic
                   and others},
  Title          = {Fast discriminative visual codebooks using randomized
                   clustering forests},
  BookTitle      = {NIPS},
  Volume         = {2},
  Pages          = {4},
  year           = 2006
}

@Article{bottou:2011,
  Author         = {Bottou, L. and Bousquet, O.},
  Title          = {{The tradeoffs of large-scale learning}},
  Journal        = {Optimization for Machine Learning},
  Pages          = {351},
  publisher      = {MIT Press},
  year           = 2011
}

@Article{strobl:2007,
  Author         = {Strobl, Carolin and Boulesteix, Anne-Laure and
                   Augustin, Thomas},
  Title          = {Unbiased split selection for classification trees
                   based on the Gini index},
  Journal        = {Computational Statistics \& Data Analysis},
  Volume         = {52},
  Number         = {1},
  Pages          = {483--501},
  publisher      = {Elsevier},
  year           = 2007
}

@Article{messenger:1972,
  Author         = {Messenger, Robert and Mandell, Lewis},
  Title          = {A modal search technique for predictive nominal scale
                   multivariate analysis},
  Journal        = {Journal of the American statistical association},
  Volume         = {67},
  Number         = {340},
  Pages          = {768--772},
  publisher      = {Taylor \& Francis Group},
  year           = 1972
}

@Book{bradski:2008,
  Author         = {Bradski, Gary and Kaehler, Adrian},
  Title          = {Learning OpenCV: Computer vision with the OpenCV
                   library},
  Publisher      = {O'Reilly Media, Inc.},
  year           = 2008
}

@Article{chawla:2004,
  Author         = {Chawla, Nitesh V. and Hall, Lawrence O. and Bowyer,
                   Kevin W. and Kegelmeyer, W. Philip},
  Title          = {Learning Ensembles from Bites: A Scalable and Accurate
                   Approach},
  Journal        = {J. Mach. Learn. Res.},
  Volume         = {5},
  Pages          = {421--451},
  acmid          = {1005347},
  issn           = {1532-4435},
  issue_date     = {12/1/2004},
  month          = dec,
  numpages       = {31},
  publisher      = {JMLR.org},
  year           = 2004
}

@Book{duda:2012,
  Author         = {Duda, R. and Hart, P. and Stork, D.},
  Title          = {Pattern classification},
  Publisher      = {John Wiley \& Sons},
  year           = 2012
}

@Article{ishwaran:2010,
  Author         = {Ishwaran, Hemant and Kogalur, Udaya B},
  Title          = {Consistency of random survival forests},
  Journal        = {Statistics \& probability letters},
  Volume         = {80},
  Number         = {13},
  Pages          = {1056--1064},
  publisher      = {Elsevier},
  year           = 2010
}

@Article{breiman:1978a,
  Author         = {Breiman, L},
  Title          = {Parsimonious binary classification trees},
  Journal        = {Preliminary report. Santa Monica, Calif.: Technology
                   Service Corporation},
  year           = 1978
}

@Article{nadeau:2003,
  Author         = {Nadeau, C. and Bengio, Y.},
  Title          = {Inference for the generalization error},
  Journal        = {Machine Learning},
  Volume         = {52},
  Number         = {3},
  Pages          = {239--281},
  publisher      = {Springer},
  year           = 2003
}

@Article{hinton:2007,
  Author         = {Hinton, G.},
  Title          = {Learning multiple layers of representation},
  Journal        = {Trends in cognitive sciences},
  Volume         = {11},
  Number         = {10},
  Pages          = {428--434},
  publisher      = {Elsevier},
  year           = 2007
}

@InProceedings{louppe:2013,
  Author         = {Louppe, Gilles and Wehenkel, Louis and Sutera, Antonio
                   and Geurts, Pierre},
  Title          = {Understanding variable importances in forests of
                   randomized trees},
  BookTitle      = {Advances in Neural Information Processing Systems},
  Pages          = {431--439},
  year           = 2013
}

@Article{morgan:1973,
  Author         = {Morgan, JN and Messenger, RC},
  Title          = {THAID: a sequential search program for the analysis of
                   nominal scale dependent variables},
  Journal        = {Survey Research Center, Institute for Social Research,
                   University of Michigan.[251]},
  year           = 1973
}

@Article{genuer2010risk,
  Author         = {Genuer, Robin},
  Title          = {Risk bounds for purely uniformly random forests},
  Journal        = {arXiv preprint arXiv:1006.2980},
  year           = 2010
}

@Article{gama:2004,
  Author         = {Gama, Jo{\~a}o},
  Title          = {Functional trees},
  Journal        = {Machine Learning},
  Volume         = {55},
  Number         = {3},
  Pages          = {219--250},
  publisher      = {Springer},
  year           = 2004
}

@Article{tsoumakas:2007,
  Author         = {Tsoumakas, Grigorios and Katakis, Ioannis},
  Title          = {Multi-label classification: An overview},
  Journal        = {International Journal of Data Warehousing and Mining
                   (IJDWM)},
  Volume         = {3},
  Number         = {3},
  Pages          = {1--13},
  publisher      = {IGI Global},
  year           = 2007
}

@InCollection{sharp:2008,
  Author         = {Sharp, Toby},
  Title          = {Implementing decision trees and forests on a GPU},
  BookTitle      = {Computer Vision--ECCV 2008},
  Publisher      = {Springer},
  Pages          = {595--608},
  year           = 2008
}

@InProceedings{wehenkel:1996,
  Author         = {Wehenkel, Louis},
  Title          = {On uncertainty measures used for decision tree
                   induction},
  BookTitle      = {Information Processing and Management of Uncertainty
                   in Knowledge-Based Systems},
  year           = 1996
}

@Article{lin:2006,
  Author         = {Lin, Yi and Jeon, Yongho},
  Title          = {Random forests and adaptive nearest neighbors},
  year           = 2002
}

@Article{breiman:1996b,
  Author         = {Breiman, Leo},
  Title          = {Bagging predictors},
  year           = 1994
}

@Article{chatrchyan:2012,
  Author         = {Chatrchyan, S. and Khachatryan, V. and Sirunyan, A.M.
                   and Tumasyan, A. and Adam, W. and Aguilo, E. and
                   Bergauer, T. and Dragicevic, M. and Er{\"o}, J. and
                   Fabjan, C. and others},
  Title          = {{Observation of a new boson at a mass of 125 GeV with
                   the CMS experiment at the LHC}},
  Journal        = {Physics Letters B},
  publisher      = {Elsevier},
  year           = 2012
}

@Article{fisher:1958,
  Author         = {Fisher, Walter D},
  Title          = {On grouping for maximum homogeneity},
  Journal        = {Journal of the American Statistical Association},
  Volume         = {53},
  Number         = {284},
  Pages          = {789--798},
  publisher      = {Taylor \& Francis Group},
  year           = 1958
}

@Article{oliphant:2007,
  Author         = {Oliphant, Travis E},
  Title          = {Python for scientific computing},
  Journal        = {CiSE},
  Volume         = {9},
  Number         = {3},
  Pages          = {10--20},
  publisher      = {IEEE},
  year           = 2007
}

@Book{mitchell:1997,
  Author         = {Mitchell, T.M.},
  Title          = {Machine learning},
  Publisher      = {McGraw-Hill, New York},
  year           = 1997
}

@Article{knuth:1992,
  Author         = {Knuth, Donald E},
  Title          = {Two notes on notation},
  Journal        = {The American Mathematical Monthly},
  Volume         = {99},
  Number         = {5},
  Pages          = {403--422},
  publisher      = {JSTOR},
  year           = 1992
}

@Article{touw:2013,
  Author         = {Touw, Wouter G and Bayjanov, Jumamurat R and Overmars,
                   Lex and Backus, Lennart and Boekhorst, Jos and Wels,
                   Michiel and van Hijum, Sacha AFT},
  Title          = {Data mining in the Life Sciences with Random Forest: a
                   walk in the park or lost in the jungle?},
  Journal        = {Briefings in bioinformatics},
  Volume         = {14},
  Number         = {3},
  Pages          = {315--326},
  publisher      = {Oxford Univ Press},
  year           = 2013
}

@Article{stekhoven:2012,
  Author         = {Stekhoven, Daniel J and B{\"u}hlmann, Peter},
  Title          = {MissForest - non-parametric missing value imputation
                   for mixed-type data},
  Journal        = {Bioinformatics},
  Volume         = {28},
  Number         = {1},
  Pages          = {112--118},
  publisher      = {Oxford Univ Press},
  year           = 2012
}

@Article{bentley:1993,
  Author         = {Bentley, Jon L and McIlroy, M Douglas},
  Title          = {Engineering a sort function},
  Journal        = {Software: Practice and Experience},
  Volume         = {23},
  Number         = {11},
  Pages          = {1249--1265},
  publisher      = {Wiley Online Library},
  year           = 1993
}

@Book{sedgewick:2013,
  Author         = {Sedgewick, R. and Flajolet, P.},
  Title          = {An Introduction to the Analysis of Algorithms},
  Publisher      = {Pearson Education},
  year           = 2013
}

@Article{hastie:2005,
  Author         = {Hastie, T. and Tibshirani, R. and Friedman, J. and
                   Franklin, J.},
  Title          = {The elements of statistical learning: data mining,
                   inference and prediction},
  Journal        = {The Mathematical Intelligencer},
  Volume         = {27},
  Number         = {2},
  Pages          = {83--85},
  publisher      = {Springer},
  year           = 2005
}

@Article{mingers:1989,
  Author         = {Mingers, John},
  Title          = {An empirical comparison of pruning methods for
                   decision tree induction},
  Journal        = {Machine learning},
  Volume         = {4},
  Number         = {2},
  Pages          = {227--243},
  publisher      = {Springer},
  year           = 1989
}

@Book{knuth:1968,
  Author         = {Knuth, D.E.},
  Title          = {The Art of Computer Programming: Fundamental
                   algorithms},
  Publisher      = {Addison-Wesley},
  Series         = {The Art of Computer Programming},
  year           = 1968
}

@TechReport{breiman:1978b,
  Author         = {Breiman, L},
  Title          = {Description of chlorine tree development and use},
  Institution    = {Technical Report, Technology Service Corporation,
                   Santa Monica, CA},
  year           = 1978
}

@Article{breiman:1996,
  Author         = {Breiman, Leo},
  Title          = {Bias, variance, and arcing classifiers},
  publisher      = {Tech. Rep. 460, Statistics Department, University of
                   California, Berkeley, CA, USA},
  year           = 1996
}

@InCollection{maree:2013,
  Author         = {Mar{\'e}e, Rapha{\"e}l and Wehenkel, Louis and Geurts,
                   Pierre},
  Title          = {Extremely Randomized Trees and Random Subwindows for
                   Image Classification, Annotation, and Retrieval},
  BookTitle      = {Decision Forests for Computer Vision and Medical Image
                   Analysis},
  Publisher      = {Springer},
  Pages          = {125--141},
  year           = 2013
}

@Article{strobl:2007b,
  Author         = {Strobl, Carolin and Boulesteix, Anne-Laure and
                   Zeileis, Achim and Hothorn, Torsten},
  Title          = {Bias in random forest variable importance measures:
                   Illustrations, sources and a solution},
  Journal        = {BMC bioinformatics},
  Volume         = {8},
  Number         = {1},
  Pages          = {25},
  publisher      = {BioMed Central Ltd},
  year           = 2007
}

@Article{buitinck:2013,
  Author         = {Buitinck, L. and Louppe, G. and Blondel, M. and
                   Pedregosa, F. and Mueller, A. and Grisel, O. and
                   Niculae, V. and Prettenhofer, P. and Gramfort, A. and
                   Grobler, J. and others},
  Title          = {{API design for machine learning software: experiences
                   from the scikit-learn project}},
  Journal        = {arXiv preprint arXiv:1309.0238},
  year           = 2013
}

@Misc{frank:2010,
  Author         = "A. Frank and A. Asuncion",
  Title          = "{UCI} Machine Learning Repository",
  institution    = "University of California, Irvine, School of
                   Information and Computer Sciences",
  url            = "http://archive.ics.uci.edu/ml",
  year           = 2010
}

@Book{quinlan:1979,
  Author         = {Quinlan, J Ross},
  Title          = {Discovering rules by induction from large collections
                   of examples},
  Publisher      = {Expert systems in the micro electronic age. Edinburgh
                   University Press},
  year           = 1979
}

@Book{srivastava:2002,
  Author         = {Srivastava, Anurag and Han, Eui-Hong and Kumar, Vipin
                   and Singh, Vineet},
  Title          = {Parallel formulations of decision-tree classification
                   algorithms},
  Publisher      = {Springer},
  year           = 2002
}

@Book{maccullagh:1989,
  Author         = {MacCullagh, P. and Nelder, J.},
  Title          = {Generalized linear models},
  Publisher      = {CRC press},
  Volume         = {37},
  year           = 1989
}

@Article{schwarz:2010,
  Author         = {Schwarz, Daniel F and K{\"o}nig, Inke R and Ziegler,
                   Andreas},
  Title          = {On safari to Random Jungle: a fast implementation of
                   Random Forests for high-dimensional data},
  Journal        = {Bioinformatics},
  Volume         = {26},
  Number         = {14},
  Pages          = {1752--1758},
  publisher      = {Oxford University Press},
  year           = 2010
}

@Article{tuv:2009,
  Author         = {Tuv, Eugene and Borisov, Alexander and Runger, George
                   and Torkkola, Kari},
  Title          = {Feature selection with ensembles, artificial
                   variables, and redundancy elimination},
  Journal        = {The Journal of Machine Learning Research},
  Volume         = {10},
  Pages          = {1341--1366},
  publisher      = {JMLR. org},
  year           = 2009
}

@PhdThesis{murthy:1995,
  Author         = {Murthy, Kolluru Venkata Sreerama and Salzberg, Steven
                   L},
  Title          = {On growing better decision trees from data},
  School         = {Citeseer},
  year           = 1995
}

@Book{criminisi:2013,
  Author         = {Criminisi, A. and Shotton, J.},
  Title          = {{Decision Forests for Computer Vision and Medical
                   Image Analysis}},
  Publisher      = {Springer},
  year           = 2013
}

@Article{irrthum:2010,
  Author         = {Huynh-Thu, V{\^a}n Anh  and Irrthum, Alexandre and Wehenkel, Louis and Geurts,
                   Pierre and others},
  Title          = {Inferring regulatory networks from expression data
                   using tree-based methods},
  Journal        = {PloS one},
  Volume         = {5},
  Number         = {9},
  Pages          = {e12776},
  publisher      = {Public Library of Science},
  year           = 2010
}

@Article{denil:2013b,
  Author         = {Denil, Misha and Matheson, David and de Freitas, Nando},
  Title          = {Consistency of online random forests},
  Journal        = {arXiv preprint arXiv:1302.4853},
  year           = 2013
}

@Article{behnel:2011,
  Author         = {Behnel, Stefan and Bradshaw, Robert and Citro, Craig
                   and Dalcin, Lisandro and Seljebotn, Dag Sverre and
                   Smith, Kurt},
  Title          = {Cython: the best of both worlds},
  Journal        = {CiSE},
  Volume         = {13},
  Number         = {2},
  Pages          = {31--39},
  year           = 2011
}

@TechReport{fix:1951,
  Author         = {Fix, E. and Hodges, J. L.},
  Title          = {{Disciminatory analysis---nonparametric
                   discrimination; consistency properties}},
  Institution    = {USAF School of Aviation Medicine},
  Number         = {Project 21-49-004, Report No. 4},
  year           = 1951
}

@Article{stone:1978,
  Author         = {Stone, M.},
  Title          = {Cross-validation: a review},
  Journal        = {Statistics: A Journal of Theoretical and Applied
                   Statistics},
  Volume         = {9},
  Number         = {1},
  Pages          = {127--139},
  publisher      = {Taylor \& Francis},
  year           = 1978
}

@Article{ferrucci:2010,
  Author         = {Ferrucci, D. and Brown, E. and Chu-Carroll, J. and
                   Fan, J. and Gondek, D. and Kalyanpur, A. and Lally, A.
                   and Murdock, J. W. and Nyberg, E. and Prager, J. and
                   others},
  Title          = {{Building Watson: An overview of the DeepQA project}},
  Journal        = {AI magazine},
  Volume         = {31},
  Number         = {3},
  Pages          = {59--79},
  year           = 2010
}

@Article{maree:2014,
  Author         = {Mar{\'e}e, Rapha{\"e}l and Rollus, Lo{\"\i}c and
                   Stevens, Benjamin and Louppe, Gilles and Caubo, Olivier
                   and Rocks, Natacha and Bekaert, Sandrine and Cataldo,
                   Didier and Wehenkel, Louis},
  Title          = {A hybrid human-computer approach for large-scale
                   image-based measurements using web services and machine
                   learning},
  Journal        = {Proceedings IEEE International Symposium on Biomedical
                   Imaging},
  publisher      = {IEEE},
  year           = 2014
}

@Article{dumont:2007,
  Author         = {Dumont, Marie and Mar{\'e}e, Rapha{\"e}l and Geurts,
                   Pierre and Wehenkel, Louis},
  Title          = {Random subwindows and multiple output decision trees
                   for generic image annotation},
  Journal        = {CorelA},
  Volume         = {100},
  Pages          = {7},
  year           = 2007
}

@Article{bentley:1980,
  Author         = {Bentley, Jon Louis and Haken, Dorothea and Saxe, James
                   B},
  Title          = {A general method for solving divide-and-conquer
                   recurrences},
  Journal        = {ACM SIGACT News},
  Volume         = {12},
  Number         = {3},
  Pages          = {36--44},
  publisher      = {ACM},
  year           = 1980
}

@Article{kufrin:1997,
  Author         = {Kufrin, Richard},
  Title          = {Decision trees on parallel processors},
  Journal        = {Machine Intelligence and Pattern Recognition},
  Volume         = {20},
  Pages          = {279--306},
  publisher      = {Elsevier},
  year           = 1997
}

@Article{meinshausen:2006,
  Author         = {Meinshausen, Nicolai},
  Title          = {Quantile regression forests},
  Journal        = {The Journal of Machine Learning Research},
  Volume         = {7},
  Pages          = {983--999},
  publisher      = {JMLR. org},
  year           = 2006
}

@Article{strobl:2008,
  Author         = {Strobl, Carolin and Boulesteix, Anne-Laure and Kneib,
                   Thomas and Augustin, Thomas and Zeileis, Achim},
  Title          = {Conditional variable importance for random forests},
  Journal        = {BMC bioinformatics},
  Volume         = {9},
  Number         = {1},
  Pages          = {307},
  publisher      = {BioMed Central Ltd},
  year           = 2008
}

@Article{musser:1997,
  Author         = {Musser, David R.},
  Title          = {Introspective sorting and selection algorithms},
  Journal        = {Softw., Pract. Exper.},
  Volume         = {27},
  Number         = {8},
  Pages          = {983--993},
  year           = 1997
}

@Article{vanderwalt:2011,
  Author         = {Van der Walt, S. and Colbert, S. C. and Varoquaux, G.},
  Title          = {The {NumPy} array: a structure for efficient numerical
                   computation},
  Journal        = {CiSE},
  Volume         = {13},
  Number         = {2},
  Pages          = {22--30},
  year           = 2011
}

@Book{breiman:1984,
  Author         = {Breiman, L. and Friedman, J. H. and Olshen, R. A. and
                   Stone, C. J.},
  Title          = {Classification and regression trees},
  year           = 1984
}

@Article{hothorn:2006,
  Author         = {Torsten Hothorn and Kurt Hornik and Achim Zeileis},
  Title          = {Unbiased Recursive Partitioning: A Conditional
                   Inference Framework},
  Journal        = {Journal of Computational and Graphical Statistics},
  Volume         = {15},
  Number         = {3},
  Pages          = {651--674},
  year           = 2006
}

@Article{amit:1997,
  Author         = {Amit, Yali and Geman, Donald and Wilder, Kenneth},
  Title          = {Joint induction of shape features and tree classifiers},
  Journal        = {Pattern Analysis and Machine Intelligence, IEEE
                   Transactions on},
  Volume         = {19},
  Number         = {11},
  Pages          = {1300--1305},
  publisher      = {IEEE},
  year           = 1997
}

@InProceedings{kononenko:1995,
  Author         = {Kononenko, Igor},
  Title          = {On biases in estimating multi-valued attributes},
  BookTitle      = {IJCAI},
  Volume         = {95},
  Pages          = {1034--1040},
  year           = 1995
}

@Book{cormen:2001,
  Author         = {Cormen, Thomas H and Leiserson, Charles E and others},
  Title          = {Introduction to algorithms},
  Volume         = {2},
  year           = 2001
}

@InCollection{kuncheva:2007,
  Author         = {Kuncheva, Ludmila I and Rodr{\'\i}guez, Juan J},
  Title          = {An experimental study on rotation forest ensembles},
  BookTitle      = {Multiple Classifier Systems},
  Publisher      = {Springer},
  Pages          = {459--468},
  year           = 2007
}

@Article{zhang:2012,
  Author         = {Zhang, Dengsheng and Islam, Md Monirul and Lu, Guojun},
  Title          = {A review on automatic image annotation techniques},
  Journal        = {Pattern Recognition},
  Volume         = {45},
  Number         = {1},
  Pages          = {346--362},
  publisher      = {Elsevier},
  year           = 2012
}

@Article{denil:2013,
  Author         = {Denil, Misha and Matheson, David and De Freitas, Nando},
  Title          = {Narrowing the gap: Random forests in theory and in
                   practice},
  Journal        = {arXiv preprint arXiv:1310.1415},
  year           = 2013
}

@InProceedings{kwok:1990,
  Author         = {Kwok, Suk Wah and Carter, Chris},
  Title          = {Multiple decision trees},
  BookTitle      = {Proceedings of the Fourth Annual Conference on
                   Uncertainty in Artificial Intelligence},
  Pages          = {327--338},
  Organization   = {North-Holland Publishing Co.},
  year           = 1990
}

@Book{shannon:1949,
  Author         = {Shannon, C. E. and Weaver, W.},
  Title          = {The mathematical theory of communication},
  Publisher      = {The University of Illinois Press},
  year           = 1949
}

@Article{friedman:1997,
  Author         = {Friedman, Jerome H},
  Title          = {On bias, variance, 0/1 loss, and the
                   curse-of-dimensionality},
  Journal        = {Data mining and knowledge discovery},
  Volume         = {1},
  Number         = {1},
  Pages          = {55--77},
  publisher      = {Springer},
  year           = 1997
}

@Article{chang:2008,
  Author         = {Chang, Jeffrey S and Yeh, Ru-Fang and Wiencke, John K
                   and Wiemels, Joseph L and Smirnov, Ivan and Pico,
                   Alexander R and Tihan, Tarik and Patoka, Joe and Miike,
                   Rei and Sison, Jennette D and others},
  Title          = {Pathway analysis of single-nucleotide polymorphisms
                   potentially associated with glioblastoma multiforme
                   susceptibility using random forests},
  Journal        = {Cancer Epidemiology Biomarkers \& Prevention},
  Volume         = {17},
  Number         = {6},
  Pages          = {1368--1373},
  publisher      = {AACR},
  year           = 2008
}

@InProceedings{kira:1992,
  Author         = {Kira, Kenji and Rendell, Larry A},
  Title          = {The feature selection problem: Traditional methods and
                   a new algorithm},
  BookTitle      = {AAAI},
  Pages          = {129--134},
  year           = 1992
}

@Article{kohavi:1997,
  Author         = {Kohavi, Ron and John, George H},
  Title          = {Wrappers for feature subset selection},
  Journal        = {Artificial intelligence},
  Volume         = {97},
  Number         = {1},
  Pages          = {273--324},
  publisher      = {Elsevier},
  year           = 1997
}

@Article{krogh:1995,
  Author         = {Krogh, Anders and Vedelsby, Jesper and others},
  Title          = {Neural network ensembles, cross validation, and active
                   learning},
  Journal        = {Advances in neural information processing systems},
  Pages          = {231--238},
  publisher      = {Morgan Kaufmann Publishers},
  year           = 1995
}

@Article{geurts:2002,
  Author         = {Geurts, P.},
  Title          = {Contributions to decision tree induction:
                   bias/variance tradeoff and time series classification},
  publisher      = {University of Li{\`e}ge, Belgium},
  year           = 2002
}

@Article{cortes:1995,
  Author         = {Cortes, Corinna and Vapnik, Vladimir},
  Title          = {Support-vector networks},
  Journal        = {Machine learning},
  Volume         = {20},
  Number         = {3},
  Pages          = {273--297},
  publisher      = {Springer},
  year           = 1995
}

@Article{morgan:1963,
  Author         = {Morgan, James N and Sonquist, John A},
  Title          = {Problems in the analysis of survey data, and a
                   proposal},
  Journal        = {Journal of the American Statistical Association},
  Volume         = {58},
  Number         = {302},
  Pages          = {415--434},
  publisher      = {Taylor \& Francis Group},
  year           = 1963
}

@InProceedings{geurts:2011,
  Author         = {Geurts, Pierre and Louppe, Gilles},
  Title          = {Learning to rank with extremely randomized trees},
  BookTitle      = {JMLR: Workshop and Conference Proceedings},
  Volume         = {14},
  year           = 2011
}

@Article{cutler:2001,
  Author         = {Cutler, Adele and Zhao, Guohua},
  Title          = {PERT-perfect random tree ensembles},
  Journal        = {Computing Science and Statistics},
  Volume         = {33},
  Pages          = {490--497},
  year           = 2001
}

@Article{dietterich:1995,
  Author         = {Dietterich, Thomas G and Kong, Eun Bae},
  Title          = {Machine learning bias, statistical bias, and
                   statistical variance of decision tree algorithms},
  Journal        = {ML-95},
  Volume         = {255},
  year           = 1995
}

@Article{liao:2013,
  Author         = {Liao, Yisheng and Rubinsteyn, Alex and Power, Russell
                   and Li, Jinyang},
  Title          = {{Learning Random Forests on the GPU}},
  year           = 2013
}

@Article{breiman:2002,
  Author         = {Breiman, Leo},
  Title          = {Manual on setting up, using, and understanding random
                   forests v3. 1},
  Journal        = {Statistics Department University of California
                   Berkeley, CA, USA},
  year           = 2002
}

@Article{mingers:1989b,
  Author         = {Mingers, John},
  Title          = {An empirical comparison of selection measures for
                   decision-tree induction},
  Journal        = {Machine learning},
  Volume         = {3},
  Number         = {4},
  Pages          = {319--342},
  publisher      = {Springer},
  year           = 1989
}

@Article{kruskal:1964,
  Author         = {Kruskal, Joseph B},
  Title          = {Multidimensional scaling by optimizing goodness of fit
                   to a nonmetric hypothesis},
  Journal        = {Psychometrika},
  Volume         = {29},
  Number         = {1},
  Pages          = {1--27},
  publisher      = {Springer},
  year           = 1964
}

@InProceedings{masini:2011,
  Author         = {Masini, Stefano and Bientinesi, Paolo},
  Title          = {High-performance parallel computations using python as
                   high-level language},
  BookTitle      = {Euro-Par 2010 Parallel Processing Workshops},
  Pages          = {541--548},
  Organization   = {Springer},
  year           = 2011
}

@Article{liaw:2002,
  Author         = {Andy Liaw and Matthew Wiener},
  Title          = {Classification and Regression by randomForest},
  Journal        = {R News},
  Volume         = {2},
  Number         = {3},
  Pages          = {18-22},
  url            = {http://CRAN.R-project.org/doc/Rnews/},
  year           = 2002
}

@InProceedings{kohavi:1995,
  Author         = {Kohavi, R. and others},
  Title          = {A study of cross-validation and bootstrap for accuracy
                   estimation and model selection},
  BookTitle      = {IJCAI},
  Volume         = {14},
  Number         = {2},
  Pages          = {1137--1145},
  year           = 1995
}

@Book{wehenkel:1998,
  Author         = {Wehenkel, Louis A},
  Title          = {Automatic learning techniques in power systems},
  Publisher      = {Springer},
  Number         = {429},
  year           = 1998
}

@Article{louppe:2010,
  Author         = {Louppe, Gilles and Geurts, Pierre},
  Title          = {A zealous parallel gradient descent algorithm},
  year           = 2010
}

@Article{james:2003,
  Author         = {James, Gareth M},
  Title          = {Variance and bias for general loss functions},
  Journal        = {Machine Learning},
  Volume         = {51},
  Number         = {2},
  Pages          = {115--135},
  publisher      = {Springer},
  year           = 2003
}

@Book{tibshirani:1996,
  Author         = {Tibshirani, Robert},
  Title          = {Bias, variance and prediction error for classification
                   rules},
  Publisher      = {Citeseer},
  year           = 1996
}

@Article{biau:2008,
  Author         = {Biau, G{\'e}rard and Devroye, Luc and Lugosi,
                   G{\'a}bor},
  Title          = {Consistency of random forests and other averaging
                   classifiers},
  Journal        = {The Journal of Machine Learning Research},
  Volume         = {9},
  Pages          = {2015--2033},
  publisher      = {JMLR. org},
  year           = 2008
}

@Article{breiman:1999,
  Author         = {Breiman, Leo},
  Title          = {Pasting small votes for classification in large
                   databases and on-line},
  Journal        = {Machine Learning},
  Volume         = {36},
  Number         = {1-2},
  Pages          = {85--103},
  publisher      = {Springer},
  year           = 1999
}

@InCollection{louppe:2012,
  Author         = {Louppe, Gilles and Geurts, Pierre},
  Title          = {Ensembles on random patches},
  BookTitle      = {Machine Learning and Knowledge Discovery in Databases},
  Publisher      = {Springer},
  Pages          = {346--361},
  year           = 2012
}

@Article{pang:2006,
  Author         = {Pang, Herbert and Lin, Aiping and Holford, Matthew and
                   Enerson, Bradley E and Lu, Bin and Lawton, Michael P
                   and Floyd, Eugenia and Zhao, Hongyu},
  Title          = {Pathway analysis using random forests classification
                   and regression},
  Journal        = {Bioinformatics},
  Volume         = {22},
  Number         = {16},
  Pages          = {2028--2036},
  publisher      = {Oxford Univ Press},
  year           = 2006
}

@Book{sonquist:1970,
  Author         = {Sonquist, John A},
  Title          = {Multivariate model building: The validation of a
                   search strategy},
  Publisher      = {Survey Research Center, University of Michigan},
  year           = 1970
}

@Misc{devroye:1996,
  Author         = {Devroye, L. and Gyorfi, L. and Lugosi, G.},
  Title          = {A probabilistic theory of pattern recognition},
  publisher      = {Springer},
  year           = 1996
}

@Article{arel:2010,
  Author         = {Arel, I. and Rose, D. and Karnowski, T.},
  Title          = {Deep machine learning-A new frontier in artificial
                   intelligence research [Research Frontier]},
  Journal        = {Computational Intelligence Magazine, IEEE},
  Volume         = {5},
  Number         = {4},
  Pages          = {13--18},
  publisher      = {IEEE},
  year           = 2010
}

@InProceedings{wehenkel:1997,
  Author         = {Wehenkel, Louis},
  Title          = {Discretization of continuous attributes for supervised
                   learning. variance evaluation and variance reduction},
  year           = 1997
}

@Article{hunter:2007,
  Author         = {Hunter, John D.},
  Title          = {Matplotlib: A 2D graphics environment},
  Journal        = {CiSE},
  Pages          = {90--95},
  year           = 2007
}

@Article{hall:2009,
  Author         = {Hall, Mark and Frank, Eibe and Holmes, Geoffrey and
                   Pfahringer, Bernhard and Reutemann, Peter and Witten,
                   Ian H.},
  Title          = {The {WEKA} data mining software: an update},
  Journal        = {ACM SIGKDD Explorations Newsletter},
  Volume         = {11},
  Number         = {1},
  Pages          = {10--18},
  year           = 2009
}

@Article{pedregosa:2011,
  Author         = {Pedregosa, Fabian and Varoquaux, Ga{\"e}l and
                   Gramfort, Alexandre and Michel, Vincent and Thirion,
                   Bertrand and Grisel, Olivier and Blondel, Mathieu and
                   Prettenhofer, Peter and Weiss, Ron and Dubourg, Vincent
                   and others},
  Title          = {Scikit-learn: Machine learning in Python},
  Journal        = {The Journal of Machine Learning Research},
  Volume         = {12},
  Pages          = {2825--2830},
  publisher      = {JMLR. org},
  url            = {http://scikit-learn.org},
  year           = 2011
}

@Article{guyon:2002,
  Author         = {Guyon, Isabelle and Weston, Jason and Barnhill,
                   Stephen and Vapnik, Vladimir},
  Title          = {Gene selection for cancer classification using support
                   vector machines},
  Journal        = {Machine learning},
  Volume         = {46},
  Number         = {1-3},
  Pages          = {389--422},
  publisher      = {Springer},
  year           = 2002
}

@Article{bergstra:2012,
  Author         = {Bergstra, J. and Bengio, Y.},
  Title          = {Random search for hyper-parameter optimization},
  Journal        = {The Journal of Machine Learning Research},
  Volume         = {13},
  Pages          = {281--305},
  publisher      = {JMLR. org},
  year           = 2012
}

@article{domingos:2000,
  title={A unified bias-variance decomposition for zero-one and squared loss},
  author={Domingos, Pedro},
  journal={AAAI/IAAI},
  volume={2000},
  pages={564--569},
  year={2000}
}
