% Encoding: UTF-8

@Book{Goossens94a,
  author    = {Michel Goossens and Frank Mittelbach and Alexander Samarin},
  title     = {The LaTeX Companion},
  year      = {1994},
  edition   = {2nd revised},
  note      = {missing},
  publisher = {Addison-Wesley},
  annote    = {SIGNATUR = 721.368},
  keywords  = {FUNDAMENTALS computer science},
  place     = {Favoritenstrasse 9/4th Floor/1863},
}

@Comment{jabref-meta: databaseType:biblatex;}
