@Manual{ERDC_Guide,
  title = 	 {Guide for Preparing Technical Information
                  Reports of the {Engineer Research and
                  Development Center}},
  organization = {US Army Corps of Engineers, Engineer Research and
                     Development Center},
  month =	 {January},
  year =	 2006
}

@Manual{Schmidt04:PSNFSS9.2,
  title = 	 {Using Common {P}ost{S}cript Fonts With {\LaTeX}.  
                  {PSNFSS} Version 9.2},
  author =	 {Walter Schmidt},
  month =	 {September},
  year =	 2004,
  note =	 {\url{http://ctan.tug.org/tex-archive/macros/latex/required/psnfss}}
}

@Manual{Umeki08:Geometry,
  title = 	 {The \textsf{geometry} Package},
  author =		 {Hideo Umeki},
  month =	 {December},
  year =	 2008,
  note =	 {\url{http://ctan.tug.org/tex-archive/macros/latex/contrib/geometry}}
}

@Manual{Oostrum04:Fancyhdr,
  title = 	 {Page Layout in \LaTeX},
  author =	 {van Oostrum, Piet},
  month =	 {March},
  year =	 2004,
  note =	 {\url{http://ctan.tug.org/tex-archive/macros/latex/contrib/fancyhdr}}
}

@Manual{Carlisle05:Graphics,
  title = 	 {Packages in the `Graphics' Bundle},
  author =	 {D. P. Carlisle},
  month =	 {November},
  year =	 2005,
  note =	 {\url{http://ctan.tug.org/tex-archive/macros/latex/required/graphics}}
}

@misc{TeXFAQ,
  author =        {UK \TeX{} Users Group},
  howpublished =  {\url{http://www.tex.ac.uk/cgi-bin/texfaq2html}},
  title =         {{UK} List of {\TeX} Frequently Asked Questions},
  year =          {2006},
}

@BOOK{Lamport94,
  author = {Leslie Lamport},
  year = 1994,
  title = {{\LaTeX}: a Document Preparation System},
  edition = 2,
  publisher = {Addison-Wesley Publishing Company},
  address = {Reading, Ma.},
  note = {Illustrations by Duane Bibby}
}

@Manual{DoD5230.24,
  title = 	 {Distribution Statements on Technical Documents.  
                  {DoD} {D}irective~5230.24}, 
  organization =  {Department of Defense},
  year = 	 1987,
  address =	 {Washington, DC}
}


@Manual{Sommerfeldt07:Caption,
  title = 	 {Typesetting Captions with the \textsf{caption} Package},
  author =	 {Axel Sommerfeldt},
  month =	 {February},
  year =	 2007,
  note =	 {\url{http://ctan.tug.org/tex-archive/macros/latex/contrib/caption}}
}

@Manual{Daly07:Natbib,
  title = 	 {Natural Sciences Citations and References
                  (Author-Year and Numerical Schemes)},
  author =	 {Patrick W. Daly},
  month =	 {February},
  year =	 2009,
  note =	 {\url{http://ctan.tug.org/tex-archive/macros/latex/contrib/natbib}}
}

@Manual{Downes04:amsart,
  title = 	 {The \textsf{amsart}, \textsf{amsproc}, and 
                  \textsf{amsbook} document~classes},
  author =	 {Michael Downes and Barbara Beeton},
  organization = {American Mathematical Society},
  year =	 2004,
  month =        {August},
  note =	 {\url{http://www.ctan.org/tex-archive/macros/latex/required/amslatex/classes}}
}

@Manual{Carlisle04:Longtable,
  title = 	 {The \textsf{longtable} Package},
  author =	 {David Carlisle},
  month =	 {February},
  year =	 2004,
  note =	 {\url{http://www.ctan.org/tex-archive/macros/latex/required/tools}}
}

@Manual{Schroeder03:Ragged2e,
  title =	 {The \textsf{ragged2e} Package},
  author =	 {Martin Schr\"oder},
  month =	 {March},
  year =	 2003,
  note =	 {\url{http://ctan.tug.org/tex-archive/macros/latex/contrib/ms}},
}

@Manual{classes,
  author =	 {Leslie Lamport and Frank Mittelbach and Johannes Braams},
  title =	 {Standard Document Classes for {\LaTeX{}} version 2e},
  note =         {\url{http://ctan.tug.org/tex-archive/macros/latex/base}},
  year =	 1997
}

@Manual{Carlisle01:Dcolumn,
  title = 	 {The \textsf{dcolumn} Package},
  author =	 {David Carlisle},
  month =	 {May},
  year =	 2001,
  note =	 {\url{http://ctan.tug.org/tex-archive/macros/required/tools}}
}

@Manual{amsldoc,
  title = 	 {User's Guide for the \textsf{amsmath} Package (Version~2.0)},
  organization = {American Mathematical Society},
  year =	 2002,
  month =        {February},
  note =	 {\url{http://ctan.tug.org/tex-archive/macros/latex/required/amslatex/math/amsldoc.pdf}}
}

@Manual{Mathgifg,
  title = 	 {{\LaTeX} Support for {M}icrosoft {G}eorgia
	       and {ITC} {F}ranklin {G}othic In Text and Math},
  author =	 {Boris Veytsman},
  month =	 {July},
  year =	 2009,
  note =	 {\url{http://ctan.tug.org/tex-archive/fonts/mathgifg/}}
}
