% Encoding: UTF-8

@TechReport{AichernigRossini15,
  author      = {Bernhard K. Aichernig and Alessandro Rossini},
  title       = {{Proceedings of the Doctoral Symposium of Formal Methods 2015}},
  institution = {University of Oslo},
  year        = {2015},
  month       = {June},
  isbn        = {978-82-7368-410-3},
}

@InProceedings{BergmayrRossiniFHOSW15,
  author    = {Alexander Bergmayr and Alessandro Rossini and Nicolas Ferry and Geir Horn and Leire Orue-Echevarria and Arnor Solberg and Manuel Wimmer},
  title     = {{The Evolution of CloudML and its Manifestations}},
  booktitle = {CloudMDE 2015: 3rd International Workshop on Model-Driven Engineering on and for the Cloud},
  year      = {2015},
  editor    = {Richard F. Paige and Jordi Cabot and Marco Brambilla and James H. Hill},
  volume    = {1563},
  series    = {CEUR Workshop Proceedings},
  pages     = {13--18},
  publisher = {CEUR},
  url       = {http://ceur-ws.org/Vol-1563/paper3.pdf},
}

@TechReport{PaaSageD311,
  author = {Amin Bsila and Nicolas Ferry and Kamil Figiela and Geir Horn and Tom Kirkham and Maciej Malawski and Nikos Parlavantzas and Christian Perez and Jonathan Rouzaud-Cornabas and Daniel Romero and Alessandro Rossini and Arnor Solberg and Hui Song},
  title  = {{D3.1.1---Model Based Cloud Platform Upperware}},
  year   = {2014},
  type   = {Paa{S}age project deliverable},
  month  = {March},
}

@InProceedings{ChauvelFerryMRS13,
  author    = {Franck Chauvel and Nicolas Ferry and Brice Morin and Alessandro Rossini and Arnor Solberg},
  title     = {{Models@Runtime to Support the Iterative and Continuous Design of Autonomous Reasoners}},
  booktitle = {MRT 2013: 8th International Workshop on Models@run.time, co-located with MODELS 2013: 16th ACM/IEEE International Conference on Model Driven Engineering Languages and Systems},
  year      = {2013},
  editor    = {Nelly Bencomo and Robert France and Sebastian G{\"{o}}tz and Bernhard Rumpe},
  volume    = {1079},
  series    = {CEUR Workshop Proceedings},
  publisher = {CEUR},
}

@TechReport{CicchettiRossini06,
  author = {Antonio Cicchetti and Alessandro Rossini},
  title  = {{Conflict Detection Specifications for the Singleton Design Pattern}},
  year   = {2006},
  month  = {October},
  url    = {http://zeronotice.org/modelversioning/conflictsTR.pdf},
}

@InProceedings{CicchettiRossini07,
  author    = {Antonio Cicchetti and Alessandro Rossini},
  title     = {{Weaving Models in Conflict Detection Specifications}},
  booktitle = {SAC 2007: 22nd ACM Symposium on Applied Computing},
  year      = {2007},
  editor    = {Yookun Cho and Roger L. Wainwright and Hisham Haddad and Sung Y. Shin and Yong Wan Koo},
  pages     = {1035--1036},
  publisher = {ACM},
  doi       = {10.1145/1244002.1244227},
  isbn      = {978-1-59593-480-2},
}

@Article{DomaschkaGriesingerBR15,
  author  = {J{\"{o}}rg Domaschka and Frank Griesinger and Daniel Baur and Alessandro Rossini},
  title   = {{Beyond Mere Application Structure: Thoughts on the Future of Cloud Orchestration Tools}},
  journal = {Procedia Computer Science},
  year    = {2015},
  volume  = {68},
  pages   = {151--162},
  issn    = {1877-0509},
  note    = {Cloud Forward 2015: 1st International Conference on Cloud Forward: From Distributed to Complete Computing},
  doi     = {10.1016/j.procs.2015.09.231},
}

@InProceedings{DomaschkaKritikosR14,
  author    = {J{\"{o}}rg Domaschka and Kyriakos Kritikos and Alessandro Rossini},
  title     = {{Towards a Generic Language for Scalability Rules}},
  booktitle = {Advances in Service-Oriented and Cloud Computing---Workshops of ESOCC 2014},
  year      = {2015},
  editor    = {Guadalupe Ortiz and Cuong Tran},
  volume    = {508},
  series    = {Communications in Computer and Information Science},
  pages     = {206--220},
  publisher = {Springer},
  doi       = {10.1007/978-3-319-14886-1_19},
  isbn      = {978-3-319-14885-4},
}

@InProceedings{FerryBrataasRCS14,
  author    = {Nicolas Ferry and Gunnar Brataas and Alessandro Rossini and Franck Chauvel and Arnor Solberg},
  title     = {{Towards Bridging the Gap Between Scalability and Elasticity}},
  booktitle = {CLOSER 2014: 4th International Conference on Cloud Computing and Services Science---Special Session on Multi-Clouds},
  year      = {2014},
  pages     = {746--751},
  publisher = {SCITEPRESS},
  doi       = {10.5220/0004975307460751},
  isbn      = {978-989-758-019-2},
}

@InProceedings{FerryChauvelRMS13,
  author    = {Nicolas Ferry and Franck Chauvel and Alessandro Rossini and Brice Morin and Arnor Solberg},
  title     = {{Managing multi-cloud systems with CloudMF}},
  booktitle = {NordiCloud 2013: 2nd Nordic Symposium on Cloud Computing and Internet Technologies},
  year      = {2013},
  editor    = {Arnor Solberg and Muhammad Ali Babar and Marlon Dumas and Carlos E. Cuesta},
  pages     = {38--45},
  publisher = {ACM},
  doi       = {10.1145/2513534.2513542},
  isbn      = {978-1-4503-2307-9},
}

@InProceedings{FerryRossiniCMS13,
  author    = {Nicolas Ferry and Alessandro Rossini and Franck Chauvel and Brice Morin and Arnor Solberg},
  title     = {{Towards model-driven provisioning, deployment, monitoring, and adaptation of multi-cloud systems}},
  booktitle = {CLOUD 2013: 6th IEEE International Conference on Cloud Computing},
  year      = {2013},
  editor    = {Lisa O'Conner},
  pages     = {887--894},
  publisher = {IEEE Computer Society},
  doi       = {10.1109/CLOUD.2013.133},
  isbn      = {978-0-7695-5028-2},
}

@TechReport{MODACloudsD41,
  author = {Nicolas Ferry and Arnor Solberg and Alessandro Rossini and Santo Lombardo and Oscar Locatelli and Marco Brambilla and Marcos Almeida and Anthonin Abherv{\'{e}}},
  title  = {{D4.1---Analysis of existing Cloud technologies and Cloud modelling concepts and prototype requirements}},
  year   = {2013},
  type   = {MODAClouds project deliverable},
  month  = {April},
}

@InProceedings{FerrySongRCS14,
  author    = {Nicolas Ferry and Hui Song and Alessandro Rossini and Franck Chauvel and Arnor Solberg},
  title     = {{CloudMF: Applying MDE to Tame the Complexity of Managing Multi-Cloud Applications}},
  booktitle = {UCC 2014: 7th IEEE/ACM International Conference on Utility and Cloud Computing},
  year      = {2014},
  editor    = {Randall Bilof},
  pages     = {269--277},
  publisher = {IEEE Computer Society},
  doi       = {10.1109/UCC.2014.36},
}

@TechReport{BrokerAtCloudD302,
  author = {Andreas Friesen and Simeon Veloudis and Antonia Schwichtenberg and Anthony J. H. Simons and Raluca Lefticaru and Yiannis Verginadis and Ioannis Patiniotakis and Brice Morin and Alessandro Rossini},
  title  = {{D30.2---Methods and Tools for Brokerage-Enabling Description of Enterprise Cloud Services}},
  year   = {2014},
  type   = {Broker@{C}loud project deliverable},
  month  = {May},
}

@TechReport{BrokerAtCloudD303,
  author = {Andreas Friesen and Simeon Veloudis and Antonia Schwichtenberg and Anthony J. H. Simons and Raluca Lefticaru and Yiannis Verginadis and Ioannis Patiniotakis and Brice Morin and Hui Song and Alessandro Rossini},
  title  = {{D30.3---Specification of Interfaces for Enabling Brokerage in Enterprise}},
  year   = {2014},
  type   = {Broker@{C}loud project deliverable},
  month  = {May},
}

@TechReport{ARCADIAD22,
  author = {Panagiotis Gouvas and Alessandro Rossini and Franck Chauvel and Anastasios Zafeiropoulos and Eleni Fotopoulou and Constantinos Vassilakis and Matteo Repetto and Kostas Tsagkaris and Nikos Koutsouris and Katerina Demesticha and Stefan Kovaci and Giovanni Carella},
  title  = {{D2.2---Definition of the ARCADIA Context Model}},
  year   = {2015},
  type   = {ARCADIA project deliverable},
  month  = {July},
}

@TechReport{ARCADIAD21,
  author = {Panagiotis Gouvas and Constantinos Vassilakis and Eleni Fotopoulou and Anastasios Zafeiropoulos and Matteo Repetto and Kostas Tsagkaris and Nikos Koutsouris and N. Havaranis and E. Tzifa and A. Sarli and Stefan Kovaci and Tran Quang and Alessandro Rossini and Janez Sterle and Sandro Siravo and Georgios Kioumourtzis and E. Charalampous and Lukasz Porwol},
  title  = {{D2.1---Description of Highly Distributed Applications and Programmable Infrastructure Requirements}},
  year   = {2015},
  type   = {ARCADIA project deliverable},
  month  = {July},
}

@TechReport{BrokerAtCloudD203,
  author = {Dimitrios Kourtesis and Konstantinos Bratanis and Andreas Friesen and Anthony J. H. Simons and Mariam Kiran and Yiannis Verginadis and Alessandro Rossini and Antonia Schwichtenberg and Panagiotis Gouvas},
  title  = {{D20.3---Requirements Analysis Report}},
  year   = {2013},
  type   = {Broker@{C}loud project deliverable},
  month  = {June},
}

@InProceedings{KourtesisBratanisFVSRSG14,
  author    = {Dimitrios Kourtesis and Konstantinos Bratanis and Andreas Friesen and Yiannis Verginadis and Anthony J.H. Simons and Alessandro Rossini and Antonia Schwichtenberg and Panagiotis Gouvas},
  title     = {{Brokerage for Quality Assurance and Optimisation of Cloud Services: An Analysis of Key Requirements}},
  booktitle = {Service-Oriented Computing---ICSOC 2013 Workshops},
  year      = {2014},
  editor    = {Alessio R. Lomuscio and Surya Nepal and Fabio Patrizi and Boualem Benatallah and Ivona Brandi{\'c}},
  volume    = {8377},
  series    = {Lecture Notes in Computer Science},
  pages     = {150--162},
  publisher = {Springer},
  doi       = {10.1007/978-3-319-06859-6_14},
  isbn      = {978-3-319-06858-9},
}

@InProceedings{KritikosDomaschkaR14,
  author    = {Kyriakos Kritikos and J{\"{o}}rg Domaschka and Alessandro Rossini},
  title     = {{SRL: A Scalability Rule Language for Multi-Cloud Environments}},
  booktitle = {CloudCom 2014: 6th IEEE International Conference on Cloud Computing Technology and Science},
  year      = {2014},
  editor    = {Juan E. Guerrero},
  pages     = {1--9},
  publisher = {IEEE Computer Society},
  doi       = {10.1109/CloudCom.2014.170},
  isbn      = {978-1-4799-4093-6},
}

@InProceedings{MantzRossiniRLW10,
  author    = {Florian Mantz and Alessandro Rossini and Adrian Rutle and Yngve Lamo and Uwe Wolter},
  title     = {{Towards a Formal Approach to Metamodel Evolution}},
  booktitle = {NWPT 2010: 22nd Nordic Workshop on Programming Theory},
  year      = {2010},
  editor    = {Marina Wald{\'{e}}n and Luigia Petre},
  pages     = {52--54},
  month     = {November},
  isbn      = {978-952-12-2478-2},
}

@InProceedings{MantzRossiniTLW11,
  author    = {Florian Mantz and Alessandro Rossini and Gabriele Taentzer and Yngve Lamo and Uwe Wolter},
  title     = {{Formalising Metamodel Evolution based on Category Theory}},
  booktitle = {NWPT 2011: 23rd Nordic Workshop on Programming Theory},
  year      = {2011},
  editor    = {Paul Pettersson and Cristina Seceleanu},
  pages     = {73--75},
  month     = {October},
}

@Article{NikolovRossiniK15,
  author  = {Nikolay Nikolov and Alessandro Rossini and Kyriakos Kritikos},
  title   = {{Integration of DSLs and Migration of Models: A Case Study in the Cloud Computing Domain}},
  journal = {Procedia Computer Science},
  year    = {2015},
  volume  = {68},
  pages   = {53--66},
  issn    = {1877-0509},
  note    = {Cloud Forward 2015: 1st International Conference on Cloud Forward: From Distributed to Complete Computing},
  doi     = {10.1016/j.procs.2015.09.223},
}

@InProceedings{Rossini16,
  author    = {Alessandro Rossini},
  title     = {{Cloud Application Modelling and Execution Language (CAMEL) and the PaaSage Workflow}},
  booktitle = {Advances in Service-Oriented and Cloud Computing---Workshops of ESOCC 2015},
  year      = {2016},
  editor    = {Antonio Celesti and Philipp Leitner},
  volume    = {567},
  series    = {Communications in Computer and Information Science},
  pages     = {437--439},
  publisher = {Springer},
  doi       = {10.1007/978-3-319-33313-7},
  isbn      = {978-3-319-33313-7},
}

@PhdThesis{Rossini11,
  author = {Alessandro Rossini},
  title  = {{Diagram Predicate Framework meets Model Versioning and Deep Metamodelling}},
  school = {Department of Informatics, University of Bergen, Norway},
  year   = {2011},
  month  = {December},
  isbn   = {978-82-308-1900-5},
}

@Misc{Rossini17Aftenposten,
  author = {Alessandro Rossini},
  title  = {{Dobbeltmoral i norsk miljøkultur?}},
  month  = {June},
  year   = {2017},
  note   = {Aftenposten, \url{http://www.aftenposten.no/meninger/debatt/Kort-sagt_-sondag-11-juni-622833b.html}},
}

@Misc{Rossini11PaaHoeyden,
  author = {Alessandro Rossini},
  title  = {{How to blow 12.8~{m}illion NOK}},
  month  = {January},
  year   = {2011},
  note   = {P{\aa} H{\o}yden, \url{http://pahoyden.no/node/18303}},
}

@TechReport{ARCADIAD31a,
  author = {Alessandro Rossini and Franck Chauvel and Panagiotis Gouvas and Anastasios Zafeiropoulos and Costantinos Vassilakis and Eleni Fotopoulou},
  title  = {{D3.1a---Smart Controller Reference Implementation}},
  year   = {2016},
  type   = {ARCADIA project deliverable},
  month  = {April},
}

@TechReport{PaaSageD213,
  author = {Alessandro Rossini and Kiriakos Kritikos and Nikolay Nikolov and J{\"{o}}rg Domaschka and Frank Griesinger and Daniel Seybold and Daniel Romero},
  title  = {{D2.1.3---CAMEL Documentation}},
  year   = {2015},
  type   = {Paa{S}age project deliverable},
  month  = {October},
}

@Article{RossiniKritikosNDSGROKA17,
  author  = {Alessandro Rossini and Kiriakos Kritikos and Nikolay Nikolov and J{\"o}rg Domaschka and Daniel Seybold and Frank Griesinger and Daniel Romero and Michal Orzechowski and Georgia Kapitsaki and Achilleas Achilleos},
  title   = {{The Cloud Application Modelling and Execution Language (CAMEL)}},
  journal = {OPen Access Repository of Ulm University (OPARU)},
  year    = {2017},
  doi     = {10.18725/OPARU-4339},
}

@InProceedings{RossiniDeLaraGN15,
  author    = {Alessandro Rossini and Juan {de Lara} and Esther Guerra and Nikolay Nikolov},
  title     = {{A Comparison of Two-Level and Multi-Level Modelling for Cloud-Based Applications}},
  booktitle = {ECMFA 2015: 11th European Conference on Modelling Foundations and Applications},
  year      = {2015},
  editor    = {Gabriele Taentzer and Francis Bordeleau},
  volume    = {9153},
  series    = {Lecture Notes in Computer Science},
  pages     = {18--32},
  publisher = {Springer},
  doi       = {10.1007/978-3-319-21151-0_2},
  isbn      = {978-3-319-21150-3},
}

@InProceedings{RossiniDeLaraGRL11,
  author    = {Alessandro Rossini and Juan {de Lara} and Esther Guerra and Adrian Rutle and Yngve Lamo},
  title     = {{A Graph Transformation-Based Semantics for Deep Metamodelling}},
  booktitle = {AGTIVE 2011: 4th International Symposium on Applications of Graph Transformations with Industrial Relevance},
  year      = {2012},
  editor    = {Andy Sch{\"{u}}rr and D{\'{a}}niel Varr{\'{o}} and Gergely Varr{\'{o}}},
  volume    = {7233},
  series    = {Lecture Notes in Computer Science},
  pages     = {19--34},
  publisher = {Springer},
  doi       = {10.1007/978-3-642-34176-2_4},
  isbn      = {978-3-642-34175-5},
}

@Article{RossiniDeLaraGRW14,
  author    = {Alessandro Rossini and Juan {de Lara} and Esther Guerra and Adrian Rutle and Uwe Wolter},
  title     = {{A formalisation of deep metamodelling}},
  journal   = {Formal Aspects of Computing},
  year      = {2014},
  volume    = {26},
  number    = {6},
  pages     = {1115--1152},
  issn      = {0934-5043},
  doi       = {10.1007/s00165-014-0307-x},
  publisher = {Springer},
}

@Article{RossiniLiberati05,
  author    = {Alessandro Rossini and Graziano Liberati},
  title     = {{``Model-View-Controller e ZNF: dalla teoria alla pratica'' (Model-View-Controller and ZNF: from theory to practice)}},
  journal   = {PHP Journal},
  year      = {2005},
  volume    = {57},
  number    = {4},
  pages     = {8--9},
  language  = {Italian},
  publisher = {Duke Italia},
}

@TechReport{BrokerAtCloudD402,
  author = {Alessandro Rossini and Brice Morin and Hui Song and Simeon Veloudis and Rustem Dautov},
  title  = {{D40.2---Cloud Service Failure Prevention and Recovery Components of Brokerage Framework}},
  year   = {2014},
  type   = {Broker@{C}loud project deliverable},
  month  = {July},
}

@TechReport{PaaSageD212,
  author = {Alessandro Rossini and Nikolay Nikolov and Daniel Romero and J{\"{o}}rg Domaschka and Kiriakos Kritikos and Tom Kirkham and Arnor Solberg},
  title  = {{D2.1.2---CloudML Implementation Documentation (First version)}},
  year   = {2014},
  type   = {Paa{S}age project deliverable},
  month  = {April},
}

@InProceedings{RossiniRutle10,
  author    = {Alessandro Rossini and Adrian Rutle},
  title     = {{Computer Science and Society: Is a New Social Contract Possible?}},
  booktitle = {ICSIT 2010: International Conference on Society and Information Technologies},
  year      = {2010},
  pages     = {67--70},
  month     = {April},
  publisher = {IIIS},
  isbn      = {978-1-934272-85-5},
}

@Article{RossiniRutleLW10,
  author  = {Alessandro Rossini and Adrian Rutle and Yngve Lamo and Uwe Wolter},
  title   = {{A formalisation of the copy-modify-merge approach to version control in MDE}},
  journal = {Journal of Logic and Algebraic Programming},
  year    = {2010},
  volume  = {79},
  number  = {7},
  pages   = {636--658},
  doi     = {10.1016/j.jlap.2009.10.003},
}

@InProceedings{RossiniRutleMHMLW09,
  author    = {Alessandro Rossini and Adrian Rutle and Federico Mancini and Dag Hovland and {Khalid A.} Mughal and Yngve Lamo and Uwe Wolter},
  title     = {{Data Validation Constraints in MDE}},
  booktitle = {NWPT 2009: 21st Nordic Workshop on Programming Theory},
  year      = {2009},
  editor    = {{Michael R.} Hansen and Aske Brekling},
  pages     = {86--88},
  month     = {October},
  isbn      = {978-87-643-0565-4},
}

@InProceedings{RossiniRutleMLW10,
  author    = {Alessandro Rossini and Adrian Rutle and Florian Mantz and Yngve Lamo and Uwe Wolter},
  title     = {{Constraint-Aware Model Merging}},
  booktitle = {NWPT 2010: 22nd Nordic Workshop on Programming Theory},
  year      = {2010},
  editor    = {Marina Wald{\'{e}}n and Luigia Petre},
  pages     = {31--33},
  month     = {November},
  isbn      = {978-952-12-2478-2},
}

@InProceedings{RossiniRutleMLW11,
  author    = {Alessandro Rossini and Adrian Rutle and {Khalid A.} Mughal and Yngve Lamo and Uwe Wolter},
  title     = {{A Formal Approach to Data Validation Constraints in MDE}},
  booktitle = {TTSS 2011: 5th International Workshop on Harnessing Theories for Tool Support in Software},
  year      = {2011},
  editor    = {Marcel Kyas and Sun Meng and Volker Stolz},
  pages     = {65--76},
  month     = {September},
  isbn      = {82-7368-371-0},
}

@TechReport{PaaSageD211,
  author = {Alessandro Rossini and Arnor Solberg and Daniel Romero and J{\"{o}}rg Domaschka and Kostas Magoutis and Lutz Schubert and Nicolas Ferry and Tom Kirkham},
  title  = {{D2.1.1---CloudML Guide and Assessment Report}},
  year   = {2013},
  type   = {Paa{S}age project deliverable},
  month  = {October},
}

@TechReport{PaaSageD211e,
  author = {Alessandro Rossini and Arnor Solberg and Daniel Romero and J{\"{o}}rg Domaschka and Kostas Magoutis and Lutz Schubert and Nicolas Ferry and Tom Kirkham and Maciej Malawski and Bartosz Balis and Dariusz Krol and Achilleas Achilleos},
  title  = {{D2.1.1e---CloudML Guide and Assessment Report (Extended)}},
  year   = {2013},
  type   = {Paa{S}age project deliverable},
  month  = {November},
}

@TechReport{BrokerAtCloudD404,
  author = {Alessandro Rossini and Hui Song and Brice Morin and Jakob H{\o}genes and Simeon Veloudis and Iraklis Paraskakis and Christos Petsos and Anthony J. H. Simons and Raluca Lefticaru and Yiannis Verginadis and Ioannis Patiniotakis},
  title  = {{D40.4---Brokerage Framework: Quality Assurance and Optimisation}},
  year   = {2015},
  type   = {Broker@{C}loud project deliverable},
  month  = {October},
}

@InProceedings{RutleRossini08,
  author    = {Adrian Rutle and Alessandro Rossini},
  title     = {{A Tentative Analysis of the Factors Affecting the Industrial Adoption of MDE}},
  booktitle = {ChaMDE 2008: 1st International Workshop on Challenges in Model-Driven Software Engineering},
  year      = {2008},
  editor    = {Stefan {van Baelen} and Ragnhild {van der Straeten} and Tom Mens},
  pages     = {57--61},
  month     = {September},
}

@InProceedings{RutleRossiniLW09FASE,
  author    = {Adrian Rutle and Alessandro Rossini and Yngve Lamo and Uwe Wolter},
  title     = {{A Category-Theoretical Approach to the Formalisation of Version Control in MDE}},
  booktitle = {FASE 2009: 12th International Conference on Fundamental Approaches to Software Engineering},
  year      = {2009},
  editor    = {Marsha Chechik and Martin Wirsing},
  volume    = {5503},
  series    = {Lecture Notes in Computer Science},
  pages     = {64--78},
  publisher = {Springer},
  doi       = {10.1007/978-3-642-00593-0_5},
  isbn      = {978-3-642-00592-3},
}

@InProceedings{RutleRossiniLW09TOOLS,
  author    = {Adrian Rutle and Alessandro Rossini and Yngve Lamo and Uwe Wolter},
  title     = {{A Diagrammatic Formalisation of MOF-Based Modelling Languages}},
  booktitle = {TOOLS 2009: 47th International Conference on Objects, Components, Models and Patterns},
  year      = {2009},
  editor    = {Manuel Oriol and Bertrand Meyer and Wil Aalst and John Mylopoulos and Michael Rosemann and {Michael J.} Shaw and Clemens Szyperski},
  volume    = {33},
  series    = {Lecture Notes in Business Information Processing},
  pages     = {37--56},
  publisher = {Springer},
  doi       = {10.1007/978-3-642-02571-6_4},
  isbn      = {978-3-642-02571-6},
}

@Article{RutleRossiniLW12,
  author  = {Adrian Rutle and Alessandro Rossini and Yngve Lamo and Uwe Wolter},
  title   = {{A formal approach to the specification and transformation of constraints in MDE}},
  journal = {Journal of Logic and Algebraic Programming},
  year    = {2012},
  volume  = {81},
  number  = {4},
  pages   = {422--457},
  doi     = {10.1016/j.jlap.2012.03.006},
}

@InProceedings{RutleRossiniLW10,
  author    = {Adrian Rutle and Alessandro Rossini and Yngve Lamo and Uwe Wolter},
  title     = {{A Formalisation of Constraint-Aware Model Transformations}},
  booktitle = {FASE 2010: 13th International Conference on Fundamental Approaches to Software Engineering},
  year      = {2010},
  editor    = {David Rosenblum and Gabriele Taentzer},
  volume    = {6013},
  series    = {Lecture Notes in Computer Science},
  pages     = {13--28},
  publisher = {Springer},
  doi       = {10.1007/978-3-642-12029-9_2},
  isbn      = {978-3-642-12028-2},
}

@InProceedings{RutleRossiniLW08NWPTMT,
  author    = {Adrian Rutle and Alessandro Rossini and Yngve Lamo and Uwe Wolter},
  title     = {{Automatic Definition of Model Transformations at the Instance Level}},
  booktitle = {NWPT 2008: 20th Nordic Workshop on Programming Theory},
  year      = {2008},
  editor    = {Tarmo Uustalu and J{\"{u}}ri Vain and Juhan Ernits},
  pages     = {80--81},
  month     = {November},
  isbn      = {978-9949-430-24-6},
}

@InProceedings{RutleRossiniLW09NWPT,
  author    = {Adrian Rutle and Alessandro Rossini and Yngve Lamo and Uwe Wolter},
  title     = {{Constraint-Aware Model Transformations}},
  booktitle = {NWPT 2009: 21st Nordic Workshop on Programming Theory},
  year      = {2009},
  editor    = {{Michael R.} Hansen and Aske Brekling},
  pages     = {89--91},
  month     = {October},
  isbn      = {978-87-643-0565-4},
}

@InProceedings{RutleRossiniLW08NWPTVC,
  author    = {Adrian Rutle and Alessandro Rossini and Yngve Lamo and Uwe Wolter},
  title     = {{Version Control in MDE}},
  booktitle = {NWPT 2008: 20th Nordic Workshop on Programming Theory},
  year      = {2008},
  editor    = {Tarmo Uustalu and J{\"{u}}ri Vain and Juhan Ernits},
  pages     = {78--79},
  month     = {November},
  isbn      = {978-9949-430-24-6},
}

@InProceedings{SeyboldDomaschkaRHGT16,
  author    = {Daniel Seybold and J{\"{o}}rg Domaschka and Alessandro Rossini and Christopher B. Hauser and Frank Griesinger and Athanasios Tsitsipas},
  title     = {{Experiences of Models@run-time with EMF and CDO}},
  booktitle = {SLE 2016: 9th ACM SIGPLAN International Conference on Software Language Engineering},
  year      = {2016},
  editor    = {Tijs van der Storm, Emilie Balland, and Daniel Varro},
  pages     = {46--56},
  publisher = {ACM},
  doi       = {10.1145/2997364.2997380},
  isbn      = {978-1-4503-4447-0},
}

@InProceedings{SimonsBratanisKPVVMBR14,
  author    = {Anthony J H Simons and Konstantinos Bratanis and Dimitrios Kourtesis and Iraklis Paraskakis and Simeon Veloudis and Yiannis Verginadis and Gregoris Mentzas and Simone Braun and Alessandro Rossini},
  title     = {{Advanced Service Brokerage Capabilities as the Catalyst for Future Cloud Service Ecosystems}},
  booktitle = {CCB 2014: the 2nd International Workshop on CrossCloud Systems},
  year      = {2014},
  pages     = {71--76},
  publisher = {ACM},
  doi       = {10.1145/2676662.2676675},
  isbn      = {978-1-4503-3233-0},
}

@InProceedings{SimonsRossiniPJ14,
  author    = {Anthony J. H. Simons and Alessandro Rossini and Iraklis Paraskakis and Jens Jensen},
  title     = {{Cloud Service Brokerage 2014: Towards the Multi-cloud Ecosystem}},
  booktitle = {Advances in Service-Oriented and Cloud Computing---Workshops of ESOCC 2014},
  year      = {2015},
  editor    = {Guadalupe Ortiz and Cuong Tran},
  volume    = {508},
  series    = {{Communications in Computer and Information Science}},
  pages     = {121--123},
  publisher = {Springer},
  doi       = {10.1007/978-3-319-14886-1_12},
  isbn      = {978-3-319-14885-4},
}

@InProceedings{SimonsenMantzRR10,
  author    = {Kent Inge Fagerland Simonsen and Florian Mantz and Alessandro Rossini and Adrian Rutle},
  title     = {{Groovy and Grails meet Eclipse Modeling Framework}},
  booktitle = {NIK 2010: 23rd Norsk Informatikkonferanse},
  year      = {2010},
  editor    = {Erik Hjelm{\aa}s},
  pages     = {34--43},
  month     = {November},
  isbn      = {978-82-519-2702-4},
}

@TechReport{BrokerAtCloudD301,
  author = {Simeon Veloudis and Iraklis Paraskakis and Andreas Friesen and Anthony J. H. Simons and Mariam Kiran and Yiannis Verginadis and Alessandro Rossini and Brice Morin},
  title  = {{D30.1---Conceptual Architecture for the Cloud Brokerage Framework}},
  year   = {2013},
  type   = {Broker@{C}loud project deliverable},
  month  = {November},
}

@InProceedings{VeloudisParaskakisVPR14,
  author    = {Simeon Veloudis and Iraklis Paraskakis and Andreas Friesen and Yiannis Verginadis and Ioannis Patiniotakis and Alessandro Rossini},
  title     = {{Continuous Quality Assurance and Optimisation in Cloud-Based Virtual Enterprises}},
  booktitle = {Collaborative Systems for Smart Networked Environments---{PRO-VE} 2014: 15th {IFIP} {WG} 5.5 Working Conference on Virtual Enterprises},
  year      = {2014},
  editor    = {Luis M. Camarinha{-}Matos and Hamideh Afsarmanesh},
  volume    = {434},
  series    = {{IFIP} Advances in Information and Communication Technology},
  pages     = {621--632},
  publisher = {Springer},
  doi       = {10.1007/978-3-662-44745-1_61},
  isbn      = {978-3-662-44744-4},
}

@TechReport{BrokerAtCloudD201,
  author = {Yiannis Verginadis and Ioannis Patiniotakis and Gregoris Mentzas and Dimitrios Kourtesis and Konstantinos Bratanis and Andreas Friesen and Anthony J. H. Simons and Mariam Kiran and Geir Horn and Alessandro Rossini and Brice Morin and Antonia Schwichtenberg and Panagiotis Gouvas},
  title  = {{D20.1---State of the art and Research Baseline}},
  year   = {2013},
  type   = {Broker@{C}loud project deliverable},
  month  = {March},
}

@Comment{jabref-meta: databaseType:bibtex;}

@Comment{jabref-meta: saveOrderConfig:specified;author;false;title;false;abstract;false;}
