%Literaturverzeichnis am besten mit JabRef (http://jabref.sf.net) bearbeiten

@book{WSPA,
author={Sanjiva Weerawarana and Francisco Curbera and Frank Leymann and Tony Storey and Donald F. Ferguson},
title={Web Services Platform Architecture : SOAP, WSDL, WS-Policy, WS-Addressing, WS-BPEL, WS-Reliable Messaging, and More},
year={2005},
price={$31.49},
publisher={Prentice Hall PTR},
isbn={0131488740}
}
