%----------------------------------------------------
% A citation style 
%----------------------------------------------------

@book{yarnal1993synoptic,
  title={{Synoptic climatology in environmental analysis: a primer}},
  author={Yarnal, Brent},
  year={1993},
  publisher={Belhaven}
}

@article{barry1980synoptic,
  title={{Synoptic and dynamic climatology}},
  author={Barry, RG},
  journal={Progress in Physical geography},
  volume={4},
  number={1},
  pages={88--96},
  year={1980},
  publisher={Sage Publications Sage CA: Thousand Oaks, CA}
}

@article{court1957climatology,
  title={{Climatology: Complex, dynamic, and synoptic}},
  author={Court, Arnold},
  journal={Annals of the Association of American Geographers},
  volume={47},
  number={2},
  pages={125--136},
  year={1957},
  publisher={Taylor \& Francis}
}

@article{brown2008media,
  title={{Media coverage and charitable giving after the 2004 tsunami}},
  author={Brown, Philip H and Minty, Jessica H},
  journal={Southern Economic Journal},
  pages={9--25},
  year={2008},
  publisher={JSTOR}
}

@article{lobb2012traditional,
  title={{Traditional and social media coverage and charitable giving following the 2010 earthquake in Haiti}},
  author={Lobb, Ano and Mock, Nancy and Hutchinson, Paul L},
  journal={Prehospital and disaster medicine},
  volume={27},
  number={4},
  pages={319--324},
  year={2012},
  publisher={Cambridge University Press}
}

@misc{noaa2017soi,
  author={NOAA},
  title={{NOAA Southern Oscillation Index}},
  year={2017},
  url={https://www.ncdc.noaa.gov/teleconnections/enso/indicators/soi/}
}

@article{reason1999relationships,
  title={{Relationships between South African rainfall and SST anomalies in the southwest Indian Ocean}},
  author={Reason, CJC and Mulenga, H},
  journal={International Journal of Climatology},
  volume={19},
  number={15},
  pages={1651--1673},
  year={1999}
}

@article{driver2017variability,
  title={{Variability in the Botswana High and its relationships with rainfall and temperature characteristics over southern Africa}},
  author={Driver, P and Reason, CJC},
  journal={International Journal of Climatology},
  year={2017},
  publisher={Wiley Online Library}
}
