
@book{Aczel,
        author = {Aczel, J.},
        title = {Lectures on functional equations and their applications},
        year = {1966},
        publisher = {Academic Press},
        address   = {New York},
        pages = {144}} %don't have

@article{Cilberto,
        author  = {Benzi, R. and Ciliberto, S. and Baudet, C. and Ruiz Chavarria, G. and Tripiccione, R.},
        title   = {Extended self-similarity in the dissipation range of fully developed turbulence},
        year    = {1993},
        journal = {Europhys. Lett.},
        volume  = {24},
        number   = {4},
        pages   = {275-279}} %have

@article{Benzi1995,
        author  = {Benzi,R. and Ciliberto, S. and Baudet, C. and Chavarria, G.R.},
        title   = {On the scaling of three-dimensional homogeneous and isotropic turbulence},
        year    = {1995},
        journal = {Physica D},
        volume  = {80},
        pages   = {385-398}} %have

@article{Kerr,
        author  = {Biferale, L. and Kerr, R.M.},
        title   = {Role of inviscid invariants in shell models of turbulence},
        year    = {1995},
        journal = {Phys. Rev. E},
        volume  = {52},
        issue   = {6},
        pages   = {6113-6122}}

@article{Biferal,
        author  = {Biferal, L.},
        title   = {Shell models of Energy Cascade in Turbulence},
        year    = {2003},
        journal = {Annu. Rev. Fluid Mech.},
        volume  = {35},
        pages   = {441-468}}

@book{Bohr,
        author = {Borh, T. and Jensen, M. and Paladin, G. and Vulpiani, A.},
        title = {Dynamical Systems Approach to Turbulence},
        year = {1998},
        publisher = {Cambridge University Press},
        address   = {Cambridge}}

@article{Brown,
        author  = {Brown, P.N. and Byrne, G.D. and Hindmarsh, A.C.},
        title   = {VODE, A Variable- Coefficient ODE Solver},
        year    = {1989},
        journal = {SIAM J. Sci. Stat. Comput.},
        volume  = {10},
        pages   = {1038-1051}}

@article{Constantine,
        author  = {Constantine, P. and Levant, B. and Titi, E.S.},
        title   = {Regularity of inviscid shell models of turbulence},
        year    = {2007},
        journal = {Phys. Rev. E},
        volume  = {75},
        issue   = {1}}

@article{Ditlevsen,
        author  = {Ditlevsen, P.D.},
        title   = {Cascades of energy and helicity in the GOY shell model of turbulence},
        year    = {1997},
        journal = {Phys. Fluids},
        volume  = {9},
        number   = {5},
        pages   = {1482-1484}}

@article{Mogensen,
        author  = {Ditlevsen, P.D. and Mogensen, I.A.},
        title   = {Cascades and statistical equilibrium in shell models of turbulence},
        year    = {1996},
        journal = {Phys. Rev. E},
        volume  = {53},
        number   = {5},
        pages   = {4785-4793}}

@book{Frisch,
        author = {Frisch, U.},
        title = {Turbulence},
        year = {1999},
        publisher = {Cambridge University Press},
        address   = {Cambridge}}

@article{Gledzer,
        author  = {Gledzer, E.B.},
        title   = {System of Hydrodynamic Type Admitting Two Quadratic Integrals of Motion},
        year    = {1973},
        journal = {Sov. Phys. Dokl.},
        volume  = {18},
        number   = {4},
        pages   = {216-217}}

@book{Hinze,
        author  = {Hinze, J.O.},
        title = {Turbulence; an introduction to its mechanism and theory},
        year = {1959},
        publisher = {McGraw-Hill},
        address   = {New York}}

@article{Jensen91,
        author  = {Jensen, M.H. and Paladin, G. and Vulpiani, A.},
        title   = {Intermittency in a cascade model for three-dimensional turbulence},
        year    = {1991},
        journal = {Phys. Rev. A},
        volume  = {43},
        number   = {2},
        pages   = {798-805}}

@book{Kendall69,
        author = {Kendall,M. and Stuart, A.},
        title = {The Advanced Theory of Statistics},
        volume = {1},
        edition = {3rd},
        year = {1969},
        publisher = {Griffin},
        address   = {London},
        pages = {67-72}}

@article{Kolmogorov,
        author  = {Kolmogorov, A.N.},
        title   = {The local structure of turbulence in incompressible viscous fluid for very large Reynolds numbers},
        year    = {1941},
        journal = {Reprinted Proc. R. Soc. Lond. (1991)},
        volume  = {434},
        number   = {1890},
        pages   = {9-13}}

@article{Kolmogorov62,
        author = {Kolmogorov,A. N.},
        title = {A refinement of previous hypotheses concerning the local structure of turbulence in a viscous incompressible fluid at high Reynolds number},
        journal = {Journal of Fluid Mechanics Digital Archive},
        volume = {13},
        number = {01},
        pages = {82-85},
        year = {1962}}

@book{Lesieur,
        author = {Lesieur, M.},
        title = {Turbulence in Fluids},
        year = {1990},
        publisher = {Kluwer Acad. Press},
        address   = {Dordrecht},
        edition = {2nd}}

@article{Lorenz,
        author  = {Lorenz,  E.},
        title   = {Low order models representing realizations of turbulence},
        year    = {1972},
        journal = {J. Fluid Mech},
        volume  = {55},
        issue   = {3},
        pages   = {545-563}}

@article{Lvov,
        author  = {L'vov, V. S. and Podivilov, E. and Pomyalov, A. and Procaccia, I. and Vandembroucq, D.},
        title   = {Improved Shell Model of Turbulence},
        year    = {1998},
        journal = {Phys. Rev. E},
        volume  = {58},
        number  = {2},
        pages   = {1811-1822}}

@book{McComb,
        author = {McComb, W.D.},
        title = {The Physics of Fluid Turbulence},
        year = {1991},
        publisher = {Clarendon Press},
        address   = {Oxford},
        pages = {36-86}}

@article{Melander2002,
        title = {Self-similar enstrophy divergence in a shell model of isotropic turbulence},
        author = {Melander, M. V. and Fabijonas, B. R.},
        journal = {J. Fluid Mech.},
        volume = {463},
        pages = {241-258},
        year = {2002}}

@misc{Melander2005,
        author  = {Melander, M. V. and Fabijonas, B. R.},
        title   = {Intermittency via Self-Similarity -- An Analytic Example},
        note     = {http://www.citebase.org/abstract?id=oai:arXiv.org:physics/0512198},
        year    = {2005}}

@misc{Melander2007,
        author = {Melander, M. V. },
        title = {Analysis of a Symmetry leading to an Inertial Range Similarity Theory for Isotropic Turbulence},
        note = {http://www.citebase.org/abstract?id=oai:arXiv.org:physics/0702073},
        year = {2007}}

@article{Moser,
        author = {Moser, R. D.  and Kim, J. and Mansour, N. N.},
        title = {Direct numerical simulation of turbulent channel flow up to Re$_{\tau}$ = 590},
        publisher = {AIP},
        year = {1999},
        journal = {Physics of Fluids},
        volume = {11},
        number = {4},
        pages = {943-945}}

@book{Oberhettinger,
        author = {Oberhettinger, F.},
        title = {Tables of Mellin Transforms},
        year = {1974},
        publisher = {Springer-Verlag Berlin and Heidelberg GmbH \& Co.},
        address   = {New York},
        pages = {27,163}}

@article{Obukhov,
        author  = {Obukhov, A.M.},
        year    = {1971},
        journal = {Atmos. Oceanic. Phys.},
        volume  = {7},
        pages   = {41}}

@article{Pisarenko,
        author  = {Pisarenko, D. and Biferale, L. and Courvoisier, D. and Frisch, U. and Vergassola, M.},
        title   = {Further Results on Multifractality in Shell Models},
        year    = {1993},
        journal = {Phys. Fluids A},
        volume  = {5},
        issue   = {10},
        pages   = {2533-2537}}

@article{She,
        title = {Universal scaling laws in fully developed turbulence},
        author = {She, Z.S.  and Leveque, E.},
        journal = {Phys. Rev. Lett.},
        volume = {72},
        number = {3},
        pages = {336-339},
        year = {1994}}

@book{Silverman,
        author = {Silverman, B.W.},
        title = {Density Estimation},
        year = {1986},
        publisher = {Chapman and Hall Ltd},
        address   = {London}}

@book{Sneddon,
        author = {Sneddon, I.N.},
        title = {Fourier Transforms},
        year = {1951},
        publisher = {McGraw Hill},
        address   = {New York},
        edition   = {1st},
        pages = {41-43}}

@proceedings{ESSp27,
        title    = {Turbulence: A tentative Dictionary},
        year     = {1995},
        editor   = {Tabeling, P. and Cardoso, O.},
        volume   = {341},
        series   = {NATO Science Series: B},
        address  = {New York},
        month    = {August},
        pages    = {27-30},
        publisher = {Plenum Press}}

@article{Taylor1935,
        author  = {Taylor, G.I.},
        title   = {Statistical Theory of Turbulence},
        year    = {1935},
        journal = {Proc. Roy. Soc. A},
        volume  = {151},
        pages   = {421-478}}

@article{Taylor1937a,
        author  = {Taylor, G.I.},
        title   = {Production and Dissipation of Vorticity in a Turbulent Fluid},
        year    = {1937},
        journal = {Proc. Roy. Soc. A},
        volume  = {164},
        pages   = {15-23}}

@book{Tennekes,
        author = {Tennekes, H. and Lumley, J.L.},
        title = {A first course in turbulence},
        year = {1972},
        publisher = {MIT Press},
        address   = {Cambridge},
        pages = {}}

@techreport{YakhotNASA ,
        author   = {Yakhot, V. and Thangam, S. and Gatski, T.B. and Orszag, S.A. and Speziale, C.G },
        title    = {Development of Turbulence Models for shear flows by a double expansion technque},
        institution = {NASA ICASE},
        year     = {1991},
        number   = {91-65}}

@article{Yamada,
        author  = {Yamada, M. and Ohkitani, K.},
        title   = {Lyapunov Spectrum of a Chaotic Model of Three-Dimensional Turbulence},
        year    = {1987},
        journal = {J. Phys. Soc. Jap.},
        volume  = {56},
        number  = {12},
        pages   = {4210-4213}}

@article{Zimin,
        title = {Wavelet based model for small-scale turbulence},
        author = {Zimin, V. and Hussain, F},
        journal = {Phys. Fluids},
        volume = {7},
        number = {12},
        pages = {2925-2927},
        year = {1995}}

@article{Anselmet,
        author = {Anselmet,F. and Gagne,Y. and Hopfinger,E. J. and Antonia,R. A.},
        title = {High-order velocity structure functions in turbulent shear flows},
        journal = {Journal of Fluid Mechanics},
        volume = {140},
        number = {-1},
        pages = {63-89},
        year = {1984}}

@article{Lundgren,
        author = {Lundgren, T.S.},
        title = {Inertial range scaling law},
        year = {2005},
        journal = {Journal of Turbulence},
        volume = {6},
        number = {22}}


@proceedings{VanAtta,
        author = {Van Atta, C.W. and Park, J.},
        title = {Statistical self-similarity and inertial subrange turbulence},
        journal = {Statistical Models and Turbulence, Lecture Nots in Physics},
        volume = {12},
        pages = {402-426},
        editor   = {M. Rosenblatt and C.W. Van Atta},
        publisher = {Springer},
        address = {Berlin},
        year = {1993}}

@proceedings{Parisi,
        author = {Parisi, G. and Frisch, U.},
        title = {On the singularity structure of fully developed turbulence},
        journal = {Turbulence and redictability in Geophysical Fluid Dynamics, Proceed. Intern. School of Physics},
        pages = {84-87},
        publisher = {North-Holland},
        address = {Amsterdam},
        year = {1983}}

@article{Grant,
        author = {Grant,H. L. and Stewart,R. W. and Moilliet,A.},
        title = {Turbulence spectra from a tidal channel},
        journal = {Journal of Fluid Mechanics Digital Archive},
        volume = {12},
        number = {02},
        pages = {241-268},
        year = {1962}}

@article{Champagne,
        author = {Champagne,F. H.},
        title = {The fine-scale structure of the turbulent velocity field},
        journal = {Journal of Fluid Mechanics},
        volume = {86},
        number = {01},
        pages = {67-108},
        year = {1978}}

@article{Vincent,
        author = {Vincent,A. and Meneguzzi,M.},
        title = {The spatial structure and statistical properties of homogeneous turbulence},
        journal = {Journal of Fluid Mechanics},
        volume = {225},
        number = {-1},
        pages = {1-20},
        year = {1991}}

@article{Noullez,
        author = {Noullez, A. and Wallace, G. and Lempert, W. and Miles, R. B. and Frisch, U.},
        title = {Transverse velocity increments in turbulent flow using the RELIEF technique},
        journal = {Journal of Fluid Mechanics},
        volume = {339},
        number = {-1},
        pages = {287-307},
        year = {1997}}

@article{Gibson,
        author = {Gibson, C.H.},
        title = {Turbulence in the Ocean, Atmosphere, Galaxy, and Universe},
        journal = {Appl. Mech. Rev.},
        volume = {49},
        number = {5},
        pages = {299-315},
        year = {1996}}

%Have NOT cited the following!!
@book{Batchelor,
        author = {Batchelor, G.K.},
        title = {The theory of homogeneous turbulence },
        year = {1971},
        publisher = {Cambridge University Press },
        address   = {Cambridge},
        pages = {}}

@book{Hyvarinen01,
        author = {Hyvarinen, A. and Karhunen, J. and Oja, E.},
        title = {Independent Component Analysis},
        year = {2001},
        publisher = {John Wiley and Sons},
        address   = {New York},
        pages = {40-43}}

@book{Jensen95,
        author = {Jensen, M.H. and Paladin, G. and Vulpiani, A.},
        title = {Turbulence: A Tentative Dictionary},
        year = {1995},
        publisher = {Plenum Press},
        address   = {New York},
        pages     = {101-103}}

@article{Taylor1937b,
        author  = {Taylor, G.I.},
        title   = {Spectrum of Turbulence},
        year    = {1937},
        journal = {Proc. Roy. Soc. A},
        volume  = {164},
        pages   = {476-490}}
