@book{ref1,
	author = {林来兴},
	title = {空间控制技术[M]},
	publisher = {中国宇航出版社},
	location = {北京},
	part = {M},
	pages = {25-42},
}

@book{ref2,
	author = {辛希孟},
	title = {信息技术与信息服务国际研讨会论文集：A集},
	date = {1999},
	publisher = {中国科学出版社},
	location = {北京},
	part = {C},
}

@book{ref3,
	author = {赵耀东},
	title = {新时代的工业工程师},
	date = {1998 [1998-09-26]},
	publisher = {天下文化出版社},
	location = {台北},
	part = {M/OL},
	url = {http://www.ie.nthu.edu.tw/info/ie.newie.htm（Big5）},
}

@book{ref4,
	author = {谌颖},
	title = {空间交会控制理论与方法研究},
	date = {1992},
	publisher = {哈尔滨工业大学},
	location = {哈尔滨},
	part = {M/OL},
	pages = {8-13},
}

@book{ref5,
	author = {KANAMORI H},
	title = {Shaking Without Quaking},
	date = {1998},
	publisher = {Science},
	part = {J},
	pages = {2063-2064},
}

@book{ref6,
	author = {CHRISTINE M},
	title = {Plant Physiology: Plant Biology in the Genome Era},
	date = {1998},
	publisher = {Science},
	part = {J/OL},
	pages = {331-332},
	url = {http://www.sciencemag.org/cgi/ collection/anatmorp},
}


