%% This BibTeX bibliography file was created using BibDesk.
%% http://bibdesk.sourceforge.net/


%% Created for Thorsten Karrer at 2005-11-22 15:59:55 +0100 


%% Saved with string encoding ASCII (TeX) 





@book{Borchers:2001,
	Author = {Jan Borchers},
	Date-Added = {2005-11-22 15:56:58 +0100},
	Date-Modified = {2005-11-22 15:59:55 +0100},
	Publisher = {John Wiley & Sons, Ltd},
	Title = {A Pattern Approach to Interaction Design},
	Year = {2001}}