
% ---- 2018 ----

% @INPROCEEDINGS{Fourniadis2018,
% author    = {Fourniadis, Yannis and Free, Matthew and Manning, Jason and Beckett, Owen and Bolch, Tobias and Girons Lopez, Marc},
% title     = {Impact Of Climate Change On Glaciers And Glacial Runoff In Tajikistan},
% booktitle = {New Dimensions for Natural Hazards in Asia: An AOGS-EGU Joint Conference},
% publisher = {},
% venue     = {},
% volume    = {},
% eid       = {},
% url       = {},
% pages     = {},
% month     = feb,
% year      = {2018}
% }

% ---- 2017 ----

@article {Breinl2017,
author  = {Breinl, Korbinian and Di Baldassarre, Giuliano and Girons Lopez, Marc and Hagenlocher, Michael and Vico, Giulia and Rutgersson, Anna},
title   = {Can weather generation capture precipitation patterns across climates, spatial scales and under data scarcity?},
journal = {Scientific Reports},
volume  = {7},
number  = {5449},
issn    = {2045-2322},
url     = {http://dx.doi.org/10.1038/s41598-017-05822-y},
doi     = {10.1038/s41598-017-05822-y},
pages   = {},
year    = {2017}
}

@INPROCEEDINGS{Breinl2017a,
author    = {Breinl, Korbinian and Di Baldassarre, Giuliano and Girons Lopez, Marc},
title     = {Reduced-complexity multi-site rainfall generation: one million years over night using the model TripleM},
booktitle = {Geophysical Research Abstracts},
publisher = {EGU},
venue     = {Vienna, Austria},
volume    = {19},
eid       = {EGU2017-3065-1},
url       = {http://meetingorganizer.copernicus.org/EGU2017/EGU2017-3065-1.pdf},
pages     = {3065},
month     = apr,
year      = {2017}
}

@article {GironsLopez2017,
author  = {Girons Lopez, Marc and Di Baldassarre, Giuliano and Seibert, Jan},
title   = {Impact of social preparedness on flood early warning systems},
journal = {Water Resources Research},
volume  = {53},
number  = {1},
issn    = {1944-7973},
url     = {http://dx.doi.org/10.1002/2016WR019387},
doi     = {10.1002/2016WR019387},
pages   = {522--534},
year    = {2017}
}

@article{GironsLopez2017a,
author  = {Girons Lopez, Marc and Seibert, Jan},
title   = {Corrigendum to "Influence of hydro-meteorological data spatial aggregation on streamflow modelling" [J. Hydrol. 541 (2016) 1212–1220]},
journal = {Journal of Hydrology},
volume  = {548},
number  = {},
issn    = {0022-1694},
url     = {https://dx.doi.org/10.1016/j.jhydrol.2016.11.047},
doi     = {10.1016/j.jhydrol.2016.11.047},
pages   = {818--819},
year    = {2017}
}

@INPROCEEDINGS{GironsLopez2017b,
author    = {Girons Lopez, Marc and Vis, Marc and Seibert, Jan},
title     = {Realism versus simplicity in the snow routine of the HBV model},
booktitle = {Geophysical Research Abstracts},
publisher = {EGU},
venue     = {Vienna, Austria},
volume    = {19},
eid       = {EGU2017-13395},
url       = {http://meetingorganizer.copernicus.org/EGU2017/EGU2017-13395.pdf},
pages     = {13395},
month     = apr,
year      = {2017}
}

@INPROCEEDINGS{GironsLopez2017c,
author    = {Girons Lopez, Marc and Di Baldassarre, Giuliano and Seibert, Jan},
title     = {Strengthening flood warning systems: the benefits of encouraging social preparedness},
booktitle = {Geophysical Research Abstracts},
publisher = {EGU},
venue     = {Vienna, Austria},
volume    = {19},
eid       = {EGU2017-14212-1},
url       = {http://meetingorganizer.copernicus.org/EGU2017/EGU2017-14212-1.pdf},
pages     = {14212},
month     = apr,
year      = {2017}
}

@INPROCEEDINGS{GironsLopez2017d,
author    = {Girons Lopez, Marc and Vis, Marc and Seibert, Jan},
title     = {Re-thinking the snow routine of HBV},
booktitle = {Cool models for a warm climate --- operational snow models for the present and future climate},
publisher = {},
venue     = {Finse, Norway},
volume    = {},
eid       = {},
url       = {},
pages     = {},
month     = oct,
year      = {2017}
}

@unpublished{Rivera2017,
author = {Rivera, Samuel J. and Girons Lopez, Marc and Seibert, Jan and Minsker, Barbara S.},
title  = {Probabilistic Flood Mapping Using Volunteered Geographical Information},
year   = {2017}
}

@unpublished{Rivera2017a,
author = {Rivera, Samuel J. and Girons Lopez, Marc and Seibert, Jan and Minsker, Barbara S.},
title  = {Flood depth determination using volunteered geographical information},
year   = {2017}
}

% ---- 2016 ----

@phdthesis{GironsLopez2016,
author = {Girons Lopez, Marc},
title  = {Information Needs for Water Resource and Risk Management: Hydro-Meteorological Data Value and Non-Traditional Information},
school = {Uppsala University, Department of Earth Sciences},
series = {Digital Comprehensive Summaries of Uppsala Dissertations from the Faculty of Science and Technology},
number = {1419},
issn   = {1651-6214},
isbn   = {978-91-554-9679-1},
url    = {http://www.diva-portal.org/smash/record.jsf?pid=diva2%3A957429&dswid=-2459},
pages  = {74},
month  = oct,
year   = {2016}
}

@article{GironsLopez2016a,
author  = {Girons Lopez, Marc and Seibert, Jan},
title   = {Influence of hydro-meteorological data spatial aggregation on streamflow modelling},
journal = {Journal of Hydrology},
volume  = {541},
number  = {},
issn    = {0022-1694},
url     = {http://dx.doi.org/10.1016/j.jhydrol.2016.08.026},
doi     = {10.1016/j.jhydrol.2016.08.026},
pages   = {1212--1220},
year    = {2016}
}

@INPROCEEDINGS{GironsLopez2016b,
author    = {Girons Lopez, Marc and Di Baldassarre, Giuliano and Grabs, Thomas and Halldin, Sven and Seibert, Jan},
title     = {Exploring the Role of Social Memory of Floods for Designing Flood Early Warning Operations},
booktitle = {Geophysical Research Abstracts},
publisher = {EGU},
venue     = {Vienna, Austria},
volume    = {18},
eid       = {EGU2016-15179},
url       = {http://meetingorganizer.copernicus.org/EGU2016/EGU2016-15179.pdf},
pages     = {15179},
month     = apr,
year      = {2016},
}

@INPROCEEDINGS{GironsLopez2016c,
author    = {Girons Lopez, Marc and Di Baldassarre, Giuliano and Seibert, Jan},
title     = {Impact of Social Memory on the Efficiency of Flood Early Warning Systems (FEWS)},
booktitle = {INTERPRAEVENT 2016 – Extended Abstracts},
publisher = {International Research Society INTERPRAEVENT},
venue     = {Lucerne, Switzerland},
isbn      = {978-3-901164-23-1},
url       = {http://www.interpraevent.at/palm-cms/upload_files/Publikationen/Tagungsbeitraege/2016_EA_220.pdf},
pages     = {220},
month     = jun,
year      = {2016},
}

@Article{Mbanguka2016,
author  = {Mbanguka, René P. and Lyon, Steve W. and Holmgren, Karin and Girons Lopez, Marc and Jarsjö, Jerker},
title   = {Water Balance and Level Change of Lake Babati, Tanzania: Sensitivity to Hydroclimatic Forcings},
journal = {Water},
volume  = {8},
number  = {12},
issn    = {2073-4441},
url     = {http://dx.doi.org/10.3390/w8120572},
doi     = {10.3390/w8120572},
pages   = {},
year    = {2016}
}

@INPROCEEDINGS{Rivera2016,
author    = {Rivera, Samuel J. and Girons Lopez, Marc and Seibert, Jan and Minsker, Barbara S.},
title     = "{Probabilistic Flood Mapping using Volunteered Geographical Information}",
booktitle = {2016 Fall Meeting, AGU},
publisher = {AGU},
venue     = {San Francisco, California},
eid       = {NH22B-03},
url       = {https://agu.confex.com/agu/fm16/meetingapp.cgi/Paper/134525},
pages     = {134525},
month     = dec,
year      = {2016},
}

% ---- 2015 ----

@article {GironsLopez2015,
author  = {Girons Lopez, Marc and Wennerström, Hjalmar and Nordén, Lars-Åke and Seibert, Jan},
title   = {Location and Density of Rain Gauges for the Estimation of Spatial Varying Precipitation},
journal = {Geografiska Annaler: Series A, Physical Geography},
volume  = {97},
number  = {1},
issn    = {1468-0459},
url     = {http://dx.doi.org/10.1111/geoa.12094},
doi     = {10.1111/geoa.12094},
pages   = {167--179},
year    = {2015}
}

@INPROCEEDINGS{Rivera2015,
author    = {Rivera, Samuel J. and Girons Lopez, Marc and Minsker, Barbara S. and Seibert, Jan},
title     = "{Probabilistic Flood Mapping using Volunteered Geographical Information}",
booktitle = {3rd CUAHSI Conference on Hydroinformatics},
publisher = {CUAHSI},
venue     = {Tuscaloosa, Alabama},
month     = jul,
year      = {2015},
}

% ---- 2014 ----

% ---- 2013 ----

@INPROCEEDINGS{GironsLopez2013,
author    = {Girons Lopez, Marc and Seibert, Jan and Halldin, Sven and Wennerström, Hjalmar},
title     = {Value of distributed precipitation for flood early warning: A case study for a pre-alpine catchment in Switzerland},
booktitle = {Knowledge for the Future - Joint IAHS-IAPSO-IASPEI Assembly},
venue     = {Gothenburg, Sweden},
url       = {http://cx.devinform.se/congrex_80/IAHS-IAPSO-IASPEI-Joint-assembly-2013-FINAL_PROGRAMME.pdf},
month     = jul,
year      = {2013},
}

@INPROCEEDINGS{Mbanguka2013,
author    = {Mbanguka, René P. and Girons Lopez, Marc and Jarsjö, Jerker},
title     = {A Water Balance Model for assessing Hydro Climatic Variability in Tropical Lake Systems: Application to Lake Babati and Lake Emakat, Nothern Tanzania},
booktitle = {Geophysical Research Abstracts},
publisher = {EGU},
venue     = {Vienna, Austria},
volume    = {15},
eid       = {EGU2013-3154},
url       = {http://meetingorganizer.copernicus.org/EGU2013/EGU2013-3154.pdf},
pages     = {3154},
month     = apr,
year      = {2013},
}

% ---- 2012 ----

% ---- 2011 ----

@mastersthesis{GironsLopez2011,
author = {Girons Lopez, Marc},
pages  = {57},
school = {Stockholm University, Department of Physical Geography},
title  = {Modelling Climatic and Hydrological Variability in Lake Babati, Northern Tanzania},
oai    = {DiVA.org:su-114009},
url    = {http://su.diva-portal.org/smash/record.jsf?pid=diva2%3A788849&dswid=-1385},
year   = {2011}
}
