%% This BibTeX bibliography file was created using BibDesk.
%% http://bibdesk.sourceforge.net/

%% Created for Chujay at 2017-07-27 09:10:16 +0800 


%% Saved with string encoding Unicode (UTF-8) 



@article{jy2007dyeing,
	Author = {JY, Liu and CK, Lu},
	Date-Added = {2017-07-27 01:09:50 +0000},
	Date-Modified = {2017-07-27 01:09:50 +0000},
	Journal = {Journal of Textile Engineering},
	Number = {3},
	Pages = {117--122},
	Publisher = {The Textile Machinery Society of Japan},
	Title = {Dyeing optimization with metal complex acid dyes for nylon fabrics},
	Volume = {53},
	Year = {2007}}

@inproceedings{rainville2012deap,
	Author = {Rainville, De and Fortin, F{\'e}lix-Antoine and Gardner, Marc-Andr{\'e} and Parizeau, Marc and Gagn{\'e}, Christian and others},
	Booktitle = {Proceedings of the 14th annual conference companion on Genetic and evolutionary computation},
	Date-Added = {2017-07-13 06:41:06 +0000},
	Date-Modified = {2017-07-13 06:41:06 +0000},
	Organization = {ACM},
	Pages = {85--92},
	Title = {Deap: A python framework for evolutionary algorithms},
	Year = {2012}}

@article{ritzel1994using,
	Author = {Ritzel, Brian J and Eheart, J Wayland and Ranjithan, S},
	Date-Added = {2017-05-20 08:33:48 +0000},
	Date-Modified = {2017-05-20 08:33:48 +0000},
	Journal = {Water Resources Research},
	Number = {5},
	Pages = {1589--1603},
	Publisher = {Wiley Online Library},
	Title = {Using genetic algorithms to solve a multiple objective groundwater pollution containment problem},
	Volume = {30},
	Year = {1994}}

@article{goldberg1988genetic,
	Author = {Goldberg, David E and Holland, John H},
	Date-Added = {2017-05-20 06:46:04 +0000},
	Date-Modified = {2017-05-20 06:46:04 +0000},
	Journal = {Machine learning},
	Number = {2},
	Pages = {95--99},
	Publisher = {Springer},
	Title = {Genetic algorithms and machine learning},
	Volume = {3},
	Year = {1988}}

@article{holland1975adaptation,
	Author = {Holland, John H},
	Date-Added = {2017-05-20 06:38:18 +0000},
	Date-Modified = {2017-05-20 06:38:18 +0000},
	Journal = {Ann Arbor, MI: University of Michigan Press},
	Title = {Adaptation in natural and artificial systems. An introductory analysis with application to biology, control, and artificial intelligence},
	Year = {1975}}

@article{Perez.etc,
	Author = {Perez, Ruben E and Jansen, Peter W and Martins, Joaquim RRA},
	Date-Added = {2017-05-17 12:11:08 +0000},
	Date-Modified = {2017-05-17 12:12:29 +0000},
	Journal = {Structural and Multidisciplinary Optimization},
	Number = {1},
	Pages = {101--118},
	Publisher = {Springer},
	Title = {pyOpt: a Python-based object-oriented framework for nonlinear constrained optimization},
	Volume = {45},
	Year = {2012}}

@article{Nocedal.etc,
	Author = {Nocedal, J. and Wright, S. J.},
	Date-Modified = {2017-05-14 08:30:47 +0000},
	Journal = {Springer New York.},
	Pages = {529-562},
	Title = {Sequential quadratic programming},
	Year = {2006}}

@article{Gill.etc,
	Author = {Gill, P. E. and Wong, E.},
	Journal = {In Mixed integer nonlinear programming},
	Pages = {147-224},
	Title = {Sequential quadratic programming methods.},
	Volume = {Springer New York.},
	Year = {2012}}

@article{Chen,
	Author = {Chen, J. C.},
	Date-Modified = {2017-05-14 08:47:17 +0000},
	Journal = {China Textile Institute},
	Number = {3},
	Pages = {188-195},
	Title = {The study of dyeing condition for normal pressure dyeable polyester fiber},
	Volume = {7},
	Year = {1997}}

@article{Etemadifar.etc,
	Author = {Etemadifar, A. and Dehghanizadeh, H. and Nasirizadeh N.and Rohani-Moghadam, M},
	Date-Modified = {2017-05-14 08:47:11 +0000},
	Journal = {Fibers and Polymers},
	Number = {2},
	Pages = {254-260},
	Title = {Statistical optimization of wool dyeing with Alizarin Red S as a natural dye via central composite design},
	Volume = {15},
	Year = {2014}}

@article{Guo.etc,
	Author = {Guo, G. Y and Chen, Y. L.},
	Date-Modified = {2017-05-14 08:46:59 +0000},
	Journal = {American Dyestuff Reporter},
	Number = {9},
	Pages = {58-67},
	Title = {Improving the dyeability of cotton with reactive dyes},
	Volume = {83},
	Year = {1994}}

@article{Harada.etc,
	Author = {Harada, N. and Yoshida, T},
	Journal = {Textile Chemist and Colorist},
	Number = {9},
	Title = {Recent developments in optimizing reactive dyeing of cotton},
	Volume = {24},
	Year = {1992}}

@article{Hsu,
	Author = {Hsu, M. I},
	Journal = {China Textile Institute},
	Number = {3},
	Pages = {202},
	Title = {A study on continuous dyeing of microencapsulated vat dye via Taguchi method to improve on uniformity},
	Volume = {7}}

@article{Huang.etc,
	Author = {Huang, K. S. and Yen, M. S.},
	Journal = {American Dyestuff Reporter},
	Number = {4},
	Title = {Pregrafting influences on the dyeing properties of cotton fabrics},
	Volume = {86},
	Year = {1997}}

@article{Ibrahim.etc,
	Author = {Ibrahim, N. A. and Youssef, M. A. and Helal, M. H., and Shaaban, M. F.},
	Date-Modified = {2017-05-14 08:46:42 +0000},
	Journal = {Applied Polymer Science},
	Number = {13},
	Pages = {3563-3573},
	Title = {Exhaust dyeing of polyester based textiles using high temperature alkaline conditions},
	Volume = {89},
	Year = {2003}}

@article{Jasper.etc,
	Author = {Jasper, W. J. and Kovacs, E. T. and Berkstresser, G. A},
	Date-Modified = {2017-05-14 08:47:23 +0000},
	Journal = {Textile Research Journal},
	Number = {9},
	Pages = {545-551},
	Title = {Using neural networks to predict dye concentrations in multiple-dye mixtures},
	Volume = {63},
	Year = {1993}}

@article{Johnson,
	Author = {J.W.Johnson},
	Journal = {Multivariate Behavioral Research},
	Pages = {1--19},
	Title = {A heuristic method for estimating the relative weight of predictor variables in multiple regression},
	Volume = {35},
	Year = {2000}}

@article{Lin.etc,
	Author = {Lin, F. B., Liu, J. Y., Lin, S. M., Lu, C. K., & Liao, S. K.},
	Date-Modified = {2017-07-27 01:03:50 +0000},
	Journal = {Journal of Textile Engineering},
	Number = {3},
	Pages = {117-122},
	Title = {Dyeing optimization with metal complex acid dyes for nylon fabrics},
	Volume = {53},
	Year = {2007}}

@article{Palamutcu,
	Author = {Palamutcu, S.},
	Date-Modified = {2017-05-14 08:46:30 +0000},
	Journal = {Energy},
	Number = {7},
	Pages = {2945-2952},
	Title = {Electric energy consumption in the cotton textile processing stages},
	Volume = {35},
	Year = {2010}}

@article{Sinha.etc,
	Author = {Sinha, K. and Aikat, K.and Das, P. and Datta, S.},
	Journal = {Environmental Progress and Sustainable Energy},
	Title = {Dyeing of modified cotton fiber with natural Terminalia arjuna dye: Optimization of dyeing parameters using response surface methodology},
	Year = {2016}}

@article{Wang.etc,
	Author = {Wang, X. and Bide, M.},
	Journal = {Textile Chemist and Colorist},
	Number = {4},
	Title = {Factors affecting the levelness of dyeing in reused acid dyebaths for nylon},
	Volume = {30},
	Year = {1998}}

@article{Wu.etc,
	Author = {Wu, C. C. and Chang, N. B.},
	Date-Modified = {2017-05-14 08:46:50 +0000},
	Journal = {Computers and Chemical Engineering},
	Number = {6},
	Pages = {833-854},
	Title = {Global strategy for optimizing textile dyeing manufacturing process via GA-based grey nonlinear integer programming},
	Volume = {27},
	Year = {2003}}
