@misc{uci-thesis-latex,
  title = {{LaTeX template for thesis and dissertation documents at UC Irvine}},
  author = {Otten, Lars},
  year = 2012,
  howpublished = {\url{https://github.com/lotten/uci-thesis-latex/}}
}
  

