%comment{This file was created with betterbib v3.3.0.}


%comment{This file was created with betterbib v3.4.0.}

%comment{This file was created with betterbib v3.4.3.}
@incollection{Karush_2013,
	doi = {10.1007/978-3-0348-0439-4_10},
	url = {https://doi.org/10.1007\%2F978-3-0348-0439-4_10},
	year = 2013,
	month = {jul},
	publisher = {Springer Basel},
	pages = {217--245},
	author = {William Karush},
	title = {Minima of Functions of Several Variables with Inequalities as Side Conditions},
	booktitle = {Traces and Emergence of Nonlinear Programming}
}

@book{Nielsen,
 author = {Nielsen, Michael A. and Chuang, Isaac L.},
 address = {Cambridge},
 publisher = {Cambridge University Press},
 title = {Quantum Computation and Quantum Information},
 year = {2009},
 doi = {10.1017/cbo9780511976667},
 source = {Crossref},
 url = {http://dx.doi.org/10.1017/cbo9780511976667},
 subtitle = {10th Anniversary Edition},
 isbn = {9780511976667},
}

@article{Harrow_2004,
 author = {Harrow, Aram and Hayden, Patrick and Leung, Debbie},
 journal = {Phys. Rev. Lett.},
 month = may,
 number = {18},
 publisher = {American Physical Society (APS)},
 title = {Superdense Coding of Quantum States},
 volume = {92},
 year = {2004},
 doi = {10.1103/physrevlett.92.187901},
 url = {http://dx.doi.org/10.1103/physrevlett.92.187901},
 source = {Crossref},
 issn = {0031-9007, 1079-7114},
}

@article{Bouwmeester_1997,
 author = {Bouwmeester, Dik and Pan, Jian-Wei and Mattle, Klaus and Eibl, Manfred and Weinfurter, Harald and Zeilinger, Anton},
 journal = {Nature},
 month = dec,
 number = {6660},
 pages = {575-579},
 publisher = {Springer Nature},
 title = {Experimental quantum teleportation},
 volume = {390},
 year = {1997},
 doi = {10.1038/37539},
 url = {http://dx.doi.org/10.1038/37539},
 source = {Crossref},
 issn = {0028-0836, 1476-4687},
}

@article{Jozsa_2003,
 author = {Jozsa, Richard and Linden, Noah},
 journal = {Proc. R. Soc. Lond. A},
 month = aug,
 number = {2036},
 pages = {2011-2032},
 publisher = {The Royal Society},
 title = {On the role of entanglement in quantum-computational speed-up},
 volume = {459},
 year = {2003},
 doi = {10.1098/rspa.2002.1097},
 url = {http://dx.doi.org/10.1098/rspa.2002.1097},
 source = {Crossref},
 issn = {1471-2946},
}

@article{Ekert_1991,
 author = {Ekert, Artur K.},
 journal = {Phys. Rev. Lett.},
 month = aug,
 number = {6},
 pages = {661-663},
 publisher = {American Physical Society (APS)},
 title = {Quantum cryptography based on Bell's theorem},
 volume = {67},
 year = {1991},
 doi = {10.1103/physrevlett.67.661},
 url = {http://dx.doi.org/10.1103/physrevlett.67.661},
 source = {Crossref},
 issn = {0031-9007},
}

@article{Gisin_2002,
 author = {Gisin, Nicolas and Ribordy, Gr\'{e}goire and Tittel, Wolfgang and Zbinden, Hugo},
 journal = {Rev. Mod. Phys.},
 month = mar,
 number = {1},
 pages = {145-195},
 publisher = {American Physical Society (APS)},
 title = {Quantum cryptography},
 volume = {74},
 year = {2002},
 doi = {10.1103/revmodphys.74.145},
 url = {http://dx.doi.org/10.1103/revmodphys.74.145},
 source = {Crossref},
 issn = {0034-6861, 1539-0756},
}

@article{Hor09,
 author = {Horodecki, Ryszard and Horodecki, Pawe\l{} and Horodecki, Micha\l{} and Horodecki, Karol},
 journal = {Rev. Mod. Phys.},
 month = jun,
 pages = {865-942},
 publisher = {American Physical Society (APS)},
 title = {Quantum entanglement},
 volume = {81},
 year = {2009},
 doi = {10.1103/revmodphys.81.865},
 url = {http://dx.doi.org/10.1103/revmodphys.81.865},
 number = {2},
 source = {Crossref},
 issn = {0034-6861, 1539-0756},
}

@article{Qian_sppt,
 author = {Qian, Lilong},
 journal = {Phys. Rev. A},
 month = jul,
 pages = {012307},
 publisher = {American Physical Society (APS)},
 title = {Separability of multipartite quantum states with strong positive partial transpose},
 volume = {98},
 year = {2018},
 doi = {10.1103/physreva.98.012307},
 url = {http://dx.doi.org/10.1103/physreva.98.012307},
 number = {1},
 source = {Crossref},
 issn = {2469-9926, 2469-9934},
}

@article{Qian_CS,
 author = {Qian, Lilong and Chu, Delin},
 journal = {Quantum Inf. Process.},
 month = may,
 number = {7},
 pages = {208},
 title = {Decomposition of completely symmetric states},
 volume = {18},
 year = {2019},
 doi = {10.1007/s11128-019-2318-2},
 issn = {1570-0755, 1573-1332},
 url = {http://dx.doi.org/10.1007/s11128-019-2318-2},
 source = {Crossref},
 publisher = {Springer Science and Business Media LLC},
}

@article{Qian_CS2,
 author = {Chen, Lin and Chu, Delin and Qian, Lilong and Shen, Yi},
 journal = {Phys. Rev. A},
 month = mar,
 pages = {032312},
 publisher = {American Physical Society (APS)},
 title = {Separability of completely symmetric states in a multipartite system},
 volume = {99},
 year = {2019},
 doi = {10.1103/physreva.99.032312},
 url = {http://dx.doi.org/10.1103/physreva.99.032312},
 number = {3},
 source = {Crossref},
 issn = {2469-9926, 2469-9934},
}

@article{Murao_2001,
 author = {Murao, Mio and Vedral, Vlatko},
 journal = {Phys. Rev. Lett.},
 month = jan,
 number = {2},
 pages = {352-355},
 publisher = {American Physical Society (APS)},
 title = {Remote Information Concentration Using a Bound Entangled State},
 volume = {86},
 year = {2001},
 doi = {10.1103/physrevlett.86.352},
 url = {http://dx.doi.org/10.1103/physrevlett.86.352},
 source = {Crossref},
 issn = {0031-9007, 1079-7114},
}

@article{Bennett_1993,
 author = {Bennett, Charles H. and Brassard, Gilles and Cr\'{e}peau, Claude and Jozsa, Richard and Peres, Asher and Wootters, William K.},
 journal = {Phys. Rev. Lett.},
 month = mar,
 number = {13},
 pages = {1895-1899},
 publisher = {American Physical Society (APS)},
 title = {Teleporting an unknown quantum state via dual classical and {Einstein}-Podolsky-Rosen channels},
 volume = {70},
 year = {1993},
 doi = {10.1103/physrevlett.70.1895},
 url = {http://dx.doi.org/10.1103/physrevlett.70.1895},
 source = {Crossref},
 issn = {0031-9007},
}

@article{Briegel_2001,
 author = {Briegel, Hans J. and Raussendorf, Robert},
 journal = {Phys. Rev. Lett.},
 month = jan,
 number = {5},
 pages = {910-913},
 publisher = {American Physical Society (APS)},
 title = {Persistent Entanglement in Arrays of Interacting Particles},
 volume = {86},
 year = {2001},
 doi = {10.1103/physrevlett.86.910},
 url = {http://dx.doi.org/10.1103/physrevlett.86.910},
 source = {Crossref},
 issn = {0031-9007, 1079-7114},
}

@article{Bennett_1996,
 author = {Bennett, Charles H. and Brassard, Gilles and Popescu, Sandu and Schumacher, Benjamin and Smolin, John A. and Wootters, William K.},
 journal = {Phys. Rev. Lett.},
 month = jan,
 number = {5},
 pages = {722-725},
 publisher = {American Physical Society (APS)},
 title = {Purification of Noisy Entanglement and Faithful Teleportation via Noisy Channels},
 volume = {76},
 year = {1996},
 doi = {10.1103/physrevlett.76.722},
 url = {http://dx.doi.org/10.1103/physrevlett.76.722},
 source = {Crossref},
 issn = {0031-9007, 1079-7114},
}

@article{Bennett_1996_concentrating,
 author = {Bennett, Charles H. and Bernstein, Herbert J. and Popescu, Sandu and Schumacher, Benjamin},
 journal = {Phys. Rev. A},
 month = apr,
 number = {4},
 pages = {2046-2052},
 publisher = {American Physical Society (APS)},
 title = {Concentrating partial entanglement by local operations},
 volume = {53},
 year = {1996},
 doi = {10.1103/physreva.53.2046},
 url = {http://dx.doi.org/10.1103/physreva.53.2046},
 source = {Crossref},
 issn = {1050-2947, 1094-1622},
}

@article{Deutsch_1996_privacy,
 author = {Deutsch, David and Ekert, Artur and Jozsa, Richard and Macchiavello, Chiara and Popescu, Sandu and Sanpera, Anna},
 journal = {Phys. Rev. Lett.},
 month = sep,
 number = {13},
 pages = {2818-2821},
 publisher = {American Physical Society (APS)},
 title = {Quantum Privacy Amplification and the Security of Quantum Cryptography over Noisy Channels},
 volume = {77},
 year = {1996},
 doi = {10.1103/physrevlett.77.2818},
 url = {http://dx.doi.org/10.1103/physrevlett.77.2818},
 source = {Crossref},
 issn = {0031-9007, 1079-7114},
}

@article{Gisin_1996_hiden,
 author = {Gisin, N.},
 journal = {Phys. Lett. A},
 month = jan,
 number = {3},
 pages = {151-156},
 publisher = {Elsevier BV},
 title = {Hidden quantum nonlocality revealed by local filters},
 volume = {210},
 year = {1996},
 doi = {10.1016/s0375-9601(96)80001-6},
 url = {http://dx.doi.org/10.1016/s0375-9601(96)80001-6},
 source = {Crossref},
 issn = {0375-9601},
}

@article{Bombin_2006,
 author = {Bombin, H. and Martin-Delgado, M. A.},
 journal = {Phys. Rev. Lett.},
 month = oct,
 number = {18},
 publisher = {American Physical Society (APS)},
 title = {Topological Quantum Distillation},
 volume = {97},
 year = {2006},
 doi = {10.1103/physrevlett.97.180501},
 url = {http://dx.doi.org/10.1103/physrevlett.97.180501},
 source = {Crossref},
 issn = {0031-9007, 1079-7114},
}

@article{Fang_2019,
 author = {Fang, Kun and Wang, Xin and Tomamichel, Marco and Duan, Runyao},
 journal = {IEEE Trans. Inform. Theory},
 pages = {1-1},
 publisher = {Institute of Electrical and Electronics Engineers (IEEE)},
 title = {Non-asymptotic Entanglement Distillation},
 year = {2019},
 doi = {10.1109/tit.2019.2914688},
 url = {http://dx.doi.org/10.1109/tit.2019.2914688},
 source = {Crossref},
 issn = {0018-9448, 1557-9654},
}

@article{Horodecki_1998_Is,
 author = {Horodecki, Micha\l{} and Horodecki, Pawe\l{} and Horodecki, Ryszard},
 journal = {Phys. Rev. Lett.},
 month = jun,
 number = {24},
 pages = {5239-5242},
 publisher = {American Physical Society (APS)},
 title = {Mixed-State Entanglement and Distillation: {Is} there a {``Bound''} Entanglement in Nature?},
 volume = {80},
 year = {1998},
 doi = {10.1103/physrevlett.80.5239},
 url = {http://dx.doi.org/10.1103/physrevlett.80.5239},
 source = {Crossref},
 issn = {0031-9007, 1079-7114},
}

@article{hhh96,
 author = {Horodecki, Micha\l{} and Horodecki, Pawe\l{} and Horodecki, Ryszard},
 journal = {Phys. Lett. A},
 month = nov,
 pages = {1-8},
 title = {Separability of mixed states: Necessary and sufficient conditions},
 volume = {223},
 year = {1996},
 doi = {10.1016/s0375-9601(96)00706-2},
 number = {1-2},
 source = {Crossref},
 url = {http://dx.doi.org/10.1016/s0375-9601(96)00706-2},
 publisher = {Elsevier BV},
 issn = {0375-9601},
}

@article{peres1996,
 author = {Peres, Asher},
 journal = {Phys. Rev. Lett.},
 month = aug,
 number = {8},
 pages = {1413-1415},
 publisher = {American Physical Society (APS)},
 title = {Separability Criterion for Density Matrices},
 volume = {77},
 year = {1996},
 doi = {10.1103/physrevlett.77.1413},
 url = {http://dx.doi.org/10.1103/physrevlett.77.1413},
 source = {Crossref},
 issn = {0031-9007, 1079-7114},
}

@article{dss00,
 author = {DiVincenzo, David P. and Shor, Peter W. and Smolin, John A. and Terhal, Barbara M. and Thapliyal, Ashish V.},
 journal = {Phys. Rev. A},
 month = may,
 pages = {062312},
 publisher = {American Physical Society (APS)},
 title = {Evidence for bound entangled states with negative partial transpose},
 volume = {61},
 year = {2000},
 doi = {10.1103/physreva.61.062312},
 url = {http://dx.doi.org/10.1103/physreva.61.062312},
 number = {6},
 source = {Crossref},
 issn = {1050-2947, 1094-1622},
}

@article{dcl00,
 author = {D\"{u}r, W. and Cirac, J. I. and Lewenstein, M. and Bru\ss{}, D.},
 journal = {Phys. Rev. A},
 month = may,
 pages = {062313},
 publisher = {American Physical Society (APS)},
 title = {Distillability and partial transposition in bipartite systems},
 volume = {61},
 year = {2000},
 doi = {10.1103/physreva.61.062313},
 url = {http://dx.doi.org/10.1103/physreva.61.062313},
 number = {6},
 source = {Crossref},
 issn = {1050-2947, 1094-1622},
}

@article{pphh2010,
  author =        {{\L}ukasz Pankowski and Marco Piani and
                   Micha{\l} Horodecki and Pawe{\l} Horodecki},
 journal = {IEEE Trans. Inform. Theory},
 month = aug,
 number = {8},
 pages = {4085-4100},
 publisher = {Institute of Electrical and Electronics Engineers (IEEE)},
 title = {A Few Steps More Towards {NPT} Bound Entanglement},
 volume = {56},
 year = {2010},
 doi = {10.1109/tit.2010.2050810},
 url = {http://dx.doi.org/10.1109/tit.2010.2050810},
 source = {Crossref},
 issn = {0018-9448, 1557-9654},
}

@article{vd06,
 author = {Vianna, Reinaldo O. and Doherty, Andrew C.},
 journal = {Phys. Rev. A},
 month = nov,
 pages = {052306},
 publisher = {American Physical Society (APS)},
 title = {Distillability of {Werner} states using entanglement witnesses and robust semidefinite programs},
 volume = {74},
 year = {2006},
 doi = {10.1103/physreva.74.052306},
 url = {http://dx.doi.org/10.1103/physreva.74.052306},
 number = {5},
 source = {Crossref},
 issn = {1050-2947, 1094-1622},
}

@article{br03,
 author = {Bandyopadhyay, Somshubhro and Roychowdhury, Vwani},
 journal = {Phys. Rev. A},
 month = aug,
 pages = {022319},
 publisher = {American Physical Society (APS)},
 title = {Classes of n-copy undistillable quantum states with negative partial transposition},
 volume = {68},
 year = {2003},
 doi = {10.1103/physreva.68.022319},
 url = {http://dx.doi.org/10.1103/physreva.68.022319},
 number = {2},
 source = {Crossref},
 issn = {1050-2947, 1094-1622},
}

@article{cc08,
 author = {Chen, Lin and Chen, Yi-Xin},
 journal = {Phys. Rev. A},
 month = aug,
 pages = {022318},
 publisher = {American Physical Society (APS)},
 title = {Rank-three bipartite entangled states are distillable},
 volume = {78},
 year = {2008},
 doi = {10.1103/physreva.78.022318},
 url = {http://dx.doi.org/10.1103/physreva.78.022318},
 number = {2},
 source = {Crossref},
 issn = {1050-2947, 1094-1622},
}

@article{hhh97,
 author =        {Horodecki, Micha\l{} and Horodecki, Pawe\l{} and
                   Horodecki, Ryszard},
 journal = {Phys. Rev. Lett.},
 month = jan,
 pages = {574-577},
 publisher = {American Physical Society (APS)},
 title = {Inseparable Two Spin-{12Density} Matrices Can Be Distilled to a Singlet Form},
 volume = {78},
 year = {1997},
 doi = {10.1103/physrevlett.78.574},
 url = {http://dx.doi.org/10.1103/physrevlett.78.574},
 number = {4},
 source = {Crossref},
 issn = {0031-9007, 1079-7114},
}

@article{rains1999,
 author = {Rains, E. M.},
 journal = {Phys. Rev. A},
 month = jul,
 number = {1},
 pages = {179-184},
 publisher = {American Physical Society (APS)},
 title = {Bound on distillable entanglement},
 volume = {60},
 year = {1999},
 doi = {10.1103/physreva.60.179},
 url = {http://dx.doi.org/10.1103/physreva.60.179},
 source = {Crossref},
 issn = {1050-2947, 1094-1622},
}

@article{cd11jpa,
 author = {Chen, Lin and {\DJ}okovi{\'c}, Dragomir {\v{Z}}},
 journal = {J. Phys. A: Math. Theor.},
 number = {28},
 pages = {285303},
 title = {Distillability and {PPT} entanglement of low-rank quantum states},
 volume = {44},
 year = {2011},
 url = {http://dx.doi.org/10.1088/1751-8113/44/28/285303},
 doi = {10.1088/1751-8113/44/28/285303},
 source = {Crossref},
 publisher = {IOP Publishing},
 issn = {1751-8113, 1751-8121},
 month = jun,
}

@article{cd16pra,
 author = {Chen, Lin and {\DJ}okovi{\'c}, Dragomir {\v{Z}}},
 journal = {Phys. Rev. A},
 month = nov,
 pages = {052318},
 publisher = {American Physical Society (APS)},
 title = {Distillability of non-positive-partial-transpose bipartite quantum states of rank four},
 volume = {94},
 year = {2016},
 doi = {10.1103/physreva.94.052318},
 url = {http://dx.doi.org/10.1103/physreva.94.052318},
 number = {5},
 source = {Crossref},
 issn = {2469-9926, 2469-9934},
}

@article{Horodecki_2003,
 author = {Horodecki, Pawel and Smolin, John A and Terhal, Barbara M and Thapliyal, Ashish V},
 journal = {Theoret. Comput. Sci.},
 month = jan,
 number = {3},
 pages = {589-596},
 publisher = {Elsevier BV},
 title = {Rank two bipartite bound entangled states do not exist},
 volume = {292},
 year = {2003},
 doi = {10.1016/s0304-3975(01)00376-0},
 url = {http://dx.doi.org/10.1016/s0304-3975(01)00376-0},
 source = {Crossref},
 issn = {0304-3975},
}

@article{werner89,
 author = {Werner, Reinhard F.},
 journal = {Phys. Rev. A},
 month = oct,
 pages = {4277-4281},
 publisher = {American Physical Society (APS)},
 title = {Quantum states with {Einstein}-Podolsky-Rosen correlations admitting a hidden-variable model},
 volume = {40},
 year = {1989},
 doi = {10.1103/physreva.40.4277},
 url = {http://dx.doi.org/10.1103/physreva.40.4277},
 number = {8},
 source = {Crossref},
 issn = {0556-2791},
}

@article{hh1999,
 author = {Horodecki, Micha\l{} and Horodecki, Pawe\l{}},
 journal = {Phys. Rev. A},
 pages = {4206-4216},
 title = {Reduction criterion of separability and limits for a class of distillation protocols},
 volume = {59},
 year = {1999},
 doi = {10.1103/physreva.59.4206},
 number = {6},
 source = {Crossref},
 url = {http://dx.doi.org/10.1103/physreva.59.4206},
 publisher = {American Physical Society (APS)},
 issn = {1050-2947, 1094-1622},
 month = jun,
}

@incollection{Rungta,
 author = {Rungta, P. and Munro, W.J. and Nemoto, K. and Deuar, P. and Milburn, G. J. and Caves, C. M.},
 booktitle = {Directions in Quantum Optics},
 pages = {149-164},
 publisher = {Springer Berlin Heidelberg},
 title = {Qudit Entanglement},
 year = {2001},
 doi = {10.1007/3-540-40894-0\_14},
 url = {http://dx.doi.org/10.1007/3-540-40894-0\\_14},
 source = {Crossref},
 isbn = {9783540411871},
}

@article{Clarisse06,
 author = {Clarisse, Lieven},
 journal = {Quantum Inf. Comput.},
 number = {6},
 pages = {539--560},
 title = {The distillability problem revisited},
 volume = {6},
 year = {2006},
 biburl = {https://dblp.org/rec/bib/journals/qic/Clarisse06},
 url = {http://portal.acm.org/citation.cfm?id=2011697},
}

@article{okovi2016,
 author = {{\DJ}okovi{\'c}, Dragomir {\v{Z}}},
 journal = {Entropy},
 month = jun,
 number = {6},
 pages = {216},
 publisher = {MDPI AG},
 title = {On Two-Distillable {Werner} States},
 volume = {18},
 year = {2016},
 doi = {10.3390/e18060216},
 url = {http://dx.doi.org/10.3390/e18060216},
 source = {Crossref},
 issn = {1099-4300},
}

@article{ysdis2018,
 author = {Shen, Yi and Chen, Lin},
 journal = {Entropy},
 month = aug,
 publisher = {MDPI AG},
 title = {On a Matrix Inequality Related to the Distillability Problem},
 volume = {20},
 year = {2018},
 doi = {10.3390/e20080588},
 url = {http://dx.doi.org/10.3390/e20080588},
 number = {8},
 pages = {588},
 source = {Crossref},
 issn = {1099-4300},
}

@book{Horn_1991,
 author = {Horn, Roger A. and Johnson, Charles R.},
 publisher = {Cambridge University Press},
 title = {Topics in matrix analysis},
 year = {1991},
 doi = {10.1017/cbo9780511840371},
 url = {http://dx.doi.org/10.1017/cbo9780511840371},
 source = {Crossref},
 isbn = {9780511840371},
}

@article{Weyl_1912,
 author = {Weyl, Hermann},
 journal = {Math. Ann.},
 month = dec,
 number = {4},
 pages = {441-479},
 publisher = {Springer Science and Business Media LLC},
 title = {Das asymptotische Verteilungsgesetz der Eigenwerte linearer partieller Differentialgleichungen (mit einer Anwendung auf die Theorie der Hohlraumstrahlung)},
 volume = {71},
 year = {1912},
 doi = {10.1007/bf01456804},
 url = {http://dx.doi.org/10.1007/bf01456804},
 source = {Crossref},
 issn = {0025-5831, 1432-1807},
}

@book{berman1994nonnegative,
  title={Nonnegative matrices in the mathematical sciences},
  author={Berman, Abraham and Plemmons, Robert J},
  volume={9},
  year={1994},
  publisher={Siam}
}
@article{ha2013separability,
  title={Separability of qubit-qudit quantum states with strong positive partial transposes},
  author={Ha, Kil-Chan},
  journal={Phys. Rev. A},
  volume={87},
  number={2},
  pages={024301},
  year={2013},
  publisher={APS}
}
@article{chruscinski2008quantum,
  title={Quantum states with strong positive partial transpose},
  author={Chru{\'s}ci{\'n}ski, Dariusz and Jurkowski, Jacek and Kossakowski, Andrzej},
  journal={Phys. Rev. A},
  volume={77},
  number={2},
  pages={022113},
  year={2008},
  publisher={APS}
}

@article{fei2003separability,
  title={Separability and entanglement in $C^2\otimes C^3\otimes C^N $composite quantum systems},
  author={Fei, Shao-Ming and Gao, Xiu-Hong and Wang, Xiao-Hong and Wang, Zhi-Xi and Wu, Ke},
  journal={Phys. Rev. A},
  volume={68},
  number={2},
  pages={022315},
  year={2003},
  publisher={APS},
  doi = {10.1103/physreva.64.042313},
	url = {https://doi.org/10.1103\%2Fphysreva.64.042313}
}



@article{Karnas_2001,
  title = {Separability and entanglement in ${C}^{2}\ensuremath{\bigotimes}{C}^{2}\ensuremath{\bigotimes}{C}^{N}$ composite quantum systems},
  author = {Karnas, Sini\ifmmode \check{s}\else \v{s}\fi{}a and Lewenstein, Maciej},
  journal = {Phys. Rev. A},
  volume = {64},
  issue = {4},
  pages = {042313},
  numpages = {11},
  year = {2001},
  month = {Sep},
  publisher = {American Physical Society},
  url = {https://link.aps.org/doi/10.1103/PhysRevA.64.042313}
}
%

@article{chen2011description,
  title={Description of rank four entangled states of two qutrits having positive partial transpose},
  author={Chen, Lin and {\DJ}okovi{\'c}, Dragomir {\v{Z}}},
  journal={J. Math. Phys.},
  volume={52},
  number={12},
  pages={122203},
  year={2011},
  publisher={AIP}
}
@article{zhu2010additivity,
  title={Additivity and non-additivity of multipartite entanglement measures},
  author={Zhu, Huangjun and Chen, Lin and Hayashi, Masahito},
  journal={New J. Phys.},
  volume={12},
  number={8},
  pages={083002},
  year={2010},
  publisher={IOP Publishing}
}


@article{guan2018svd,
 author = {Guan, Yu and Chu, Moody T and Chu, Delin},
 title = {{SVD}-based algorithms for the best rank-1 approximation of a symmetric tensor},
 journal = {SIAM J. Matrix Anal. Appl.},
 volume = {39},
 number = {3},
 pages = {1095--1115},
 year = {2018},
 publisher = {SIAM},
 doi = {10.1137/17m1136699},
	url = {https://doi.org/10.1137\%2F17m1136699}
}

@article{Li_2014,
title = {Quantum separability criteria for arbitrary-dimensional multipartite states},
  author = {Li, Ming and Wang, Jing and Fei, Shao-Ming and Li-Jost, Xianqing},
  journal = {Phys. Rev. A},
  volume = {89},
  issue = {2},
  pages = {022325},
  numpages = {5},
  year = {2014},
  month = {Feb},
  publisher = {American Physical Society},
  doi = {10.1103/PhysRevA.89.022325},
  url = {https://link.aps.org/doi/10.1103/PhysRevA.89.022325}
}





@article{guan2018convergence,
 author = {Guan, Yu and Chu, Moody T and Chu, Delin},
 title = {Convergence analysis of an {SVD}-based algorithm for the best rank-1 tensor approximation},
 journal = {Linear Algebra Appl.},
 year = {2018},
 publisher = {Elsevier},
 doi = {10.1016/j.laa.2018.06.006},
	url = {https://doi.org/10.1016\%2Fj.laa.2018.06.006}
}
@article{ha2018separability,
  title={Separability of multi-qubit states in terms of diagonal and anti-diagonal entries},
  author={Ha, Kil-Chan and Han, Kyung Hoon and Kye, Seung-Hyeok},
  journal={arXiv preprint arXiv:1803.00175},
  year={2018}
}


@article{ha2010entangled,
 author = {Ha, Kil-Chan},
 title = {Entangled states with strong positive partial transpose},
 journal = {Phys. Rev. A},
 volume = {81},
 number = {6},
 pages = {064101},
 year = {2010},
 publisher = {APS},
 doi = {10.1103/physreva.81.064101},
 url = {https://doi.org/10.1103},
}

@article{gurvits2003separable,
 author = {Gurvits, Leonid and Barnum, Howard},
 title = {Separable balls around the maximally mixed multipartite quantum states},
 journal = {Phys. Rev. A},
 volume = {68},
 number = {4},
 pages = {042312},
 year = {2003},
 publisher = {American Physical Society (APS)},
 doi = {10.1103/physreva.68.042312},
 source = {Crossref},
 url = {http://dx.doi.org/10.1103/physreva.68.042312},
 issn = {1050-2947, 1094-1622},
 month = oct,
}

@misc{nielsen2002quantum,
 author = {Nielsen, Michael A. and Chuang, Isaac L.},
 year = {2002},
 doi = {10.1017/cbo9780511976667.016},
 url = {https://doi.org/10.1017},
 publisher = {Cambridge University Press},
 pages = {528--607},
 title = {Quantum information theory},
 booktitle = {Quantum Computation and Quantum Information},
}

@article{schrodinger1935gegenwartige,
 author = {Schr{\"o}dinger, Erwin},
 title = {Die gegenw{\"a}rtige Situation in der Quantenmechanik},
 journal = {Naturwissenschaften},
 url = {https://doi.org/10.1007\%2Fbf01491914},
 year = {1935},
 publisher = {Springer Nature},
 volume = {23},
 number = {49},
 pages = {823--828},
}

@article{li2013z,
 author = {Li, Guoyin and Qi, Liqun and Yu, Gaohang},
 title = {The Z-eigenvalues of a symmetric tensor and its application to spectral hypergraph theory},
 journal = {Numerical Linear Algebra with Applications},
 volume = {20},
 number = {6},
 pages = {1001--1029},
 year = {2013},
 publisher = {Wiley Online Library},
 doi = {10.1002/nla.1877},
 url = {https://doi.org/10.1002},
}

@article{qi2005eigenvalues,
 author = {Qi, Liqun},
 title = {Eigenvalues of a real supersymmetric tensor},
 journal = {Journal of Symbolic Computation},
 volume = {40},
 number = {6},
 pages = {1302-1324},
 year = {2005},
 publisher = {Elsevier BV},
 doi = {10.1016/j.jsc.2005.05.007},
 source = {Crossref},
 url = {http://dx.doi.org/10.1016/j.jsc.2005.05.007},
 issn = {0747-7171},
 month = dec,
}




@article{Horodecki2006,
 author = {Horodecki, Micha\l{} and Horodecki, Pawe\l{} and Horodecki, Ryszard},
 doi = {10.1007/s11080-006-7271-8},
 eprint = {0206008},
 issn = {1230-1612, 1793-7191},
 journal = {Open Syst. Inf. Dyn.},
 number = {01},
 pages = {103-111},
 title = {Separability of Mixed Quantum States: {Linear} Contractions and Permutation Criteria},
 volume = {13},
 year = {2006},
 source = {Crossref},
 url = {http://dx.doi.org/10.1007/s11080-006-7271-8},
 publisher = {World Scientific Pub Co Pte Lt},
 month = mar,
}

@book{bertsekas1999nonlinear,
 author = {Bertsekas, Dimitri P},
 title = {Nonlinear programming},
 year = {1999},
 publisher = {Athena scientific Belmont},
 url = {http://athenasc.com/nonlinbook.html},
}

@book{bertsekas2005dynamic,
 author = {Bertsekas, Dimitri P., Angelia Nedi\'{c} and Ozdaglar, Asuman E.},
 title = {Convex Analysis and Optimization},
 volume = {1},
 year = {2005},
 publisher = {Athena scientific Belmont},
 url = {http://athenasc.com/convexity.html},
}

@article{doherty2004complete,
 author = {Doherty, Andrew C. and Parrilo, Pablo A. and Spedalieri, Federico M.},
 title = {Complete family of separability criteria},
 journal = {Phys. Rev. A},
 volume = {69},
 number = {2},
 pages = {022308},
 year = {2004},
 publisher = {American Physical Society (APS)},
 doi = {10.1103/physreva.69.022308},
 source = {Crossref},
 url = {http://dx.doi.org/10.1103/physreva.69.022308},
 issn = {1050-2947, 1094-1622},
 month = feb,
}

@article{ioannou2004improved,
 title = {Improved algorithm for quantum separability and entanglement detection},
  author = {Ioannou, L. M. and Travaglione, B. C. and Cheung, D. C. and Ekert, A. K.},
  journal = {Phys. Rev. A},
  volume = {70},
  issue = {6},
  pages = {060303},
  numpages = {4},
  year = {2004},
  month = {Dec},
  publisher = {American Physical Society},
  doi = {10.1103/PhysRevA.70.060303},
  url = {https://link.aps.org/doi/10.1103/PhysRevA.70.060303}
}

@article{kraus2000separability,
 author = {Kraus, B. and Cirac, J. I. and Karnas, S. and Lewenstein, M.},
 title = {Separability {in 2$\otimes$N composite} quantum systems},
 journal = {Phys. Rev. A},
 volume = {61},
 number = {6},
 pages = {062302},
 year = {2000},
 publisher = {American Physical Society (APS)},
 doi = {10.1103/physreva.61.062302},
 source = {Crossref},
 url = {http://dx.doi.org/10.1103/physreva.61.062302},
 issn = {1050-2947, 1094-1622},
 month = may,
}
@article{xiao2004ppt,
  title={On PPT States in $C^K\otimes C^N\otimes C^N$ Composite Quantum Systems},
  author={Xiao-Hong, Wang and Shao-Ming, Fei and Zhi-Xi, Wang and Ke, Wu},
  journal={Commun. Theor. Phys.},
  volume={42},
  number={2},
  pages={215},
  year={2004},
  publisher={IOP Publishing}
}


@article{wang2005canonical,
  title={Canonical Form and Separability of PPT States on Multiple Quantum Spaces},
  author={Wang, Xiao-Hong and Fei, Shao-Ming},
  journal={Int. J. Quantum Inf.},
  volume={3},
  number={01},
  pages={147--151},
  year={2005},
  publisher={World Scientific}
}



@article{horodecki2000operational,
 author = {Horodecki, Pawe\l{} and Lewenstein, Maciej and Vidal, Guifr\'{e} and Cirac, Ignacio},
 title = {Operational criterion and constructive checks for the separability of low-rank density matrices},
 journal = {Phys. Rev. A},
 volume = {62},
 number = {3},
 pages = {032310},
 year = {2000},
 publisher = {American Physical Society (APS)},
 doi = {10.1103/physreva.62.032310},
 source = {Crossref},
 url = {http://dx.doi.org/10.1103/physreva.62.032310},
 issn = {1050-2947, 1094-1622},
 month = aug,
}









@book{bazaraa2013nonlinear,
 author = {Bazaraa, Mokhtar S. and Sherali, Hanif D. and Shetty, C. M.},
 title = {Nonlinear Programming},
 year = {2005},
 publisher = {John Wiley \& Sons, Inc.},
 doi = {10.1002/0471787779},
 source = {Crossref},
 url = {http://dx.doi.org/10.1002/0471787779},
 subtitle = {Theory and Algorithms},
 isbn = {9780471787778, 9780471486008},
 month = oct,
}

@article{qi2009z,
 author = {Qi, Liqun and Wang, Fei and Wang, Yiju},
 title = {Z-eigenvalue methods for a global polynomial optimization problem},
 journal = {Math. Program.},
 volume = {118},
 number = {2},
 pages = {301-316},
 year = {2007},
 publisher = {Springer Nature},
 doi = {10.1007/s10107-007-0193-6},
 source = {Crossref},
 url = {http://dx.doi.org/10.1007/s10107-007-0193-6},
 issn = {0025-5610, 1436-4646},
 month = sep,
}

@article{de2000best,
 author = {De Lathauwer, Lieven and De Moor, Bart and Vandewalle, Joos},
 title = {On the best rank-1 and rank-$(r\_1, r\_2,\ldots , r\_n)$ approximation of higher-order tensors},
 journal = {SIAM journal on Matrix Analysis and Applications},
 volume = {21},
 number = {4},
 pages = {1324--1342},
 year = {2000},
 publisher = {SIAM},
 doi = {10.1137/s0895479898346995},
 url = {https://doi.org/10.1137},
}

@article{Chen_2013Dim,
 author = {Chen, Lin and \DJ{okovi\'c}, Dragomir {\v Z}},
 doi = {10.1063/1.4790405},
 url = {http://dx.doi.org/10.1063/1.4790405},
 year = {2013},
 month = feb,
 publisher = {AIP Publishing},
 volume = {54},
 number = {2},
 pages = {022201},
 title = {Dimensions, lengths, and separability in finite-dimensional quantum systems},
 journal = {J. Math. Phys.},
 source = {Crossref},
 issn = {0022-2488, 1089-7658},
}
@article{chen2013separability,
  title={Separability problem for multipartite states of rank at most 4},
  author={Chen, Lin and {\DJ}okovi{\'c}, Dragomir {\v{Z}}},
  journal={J. Phys. A: Math. Theor.},
  volume={46},
  number={27},
  pages={275304},
  year={2013},
  publisher={IOP Publishing}
}

@article{Chen_2011red,
 author = {Chen, Lin and \DJ{okovi\'c}, Dragomir {\v Z}},
 doi = {10.1088/1751-8113/44/28/285303},
 url = {http://dx.doi.org/10.1088/1751-8113/44/28/285303},
 year = {2011},
 month = jun,
 publisher = {IOP Publishing},
 volume = {44},
 number = {28},
 pages = {285303},
 title = {Distillability and {PPT} entanglement of low-rank quantum states},
 journal = {J. Phys. A: Math. Theor.},
 source = {Crossref},
 issn = {1751-8113, 1751-8121},
}

@article{Chen_2013properties,
 author = {Chen, Lin and \DJ{okovi\'c}, Dragomir {\v Z}},
 doi = {10.1007/s00220-013-1770-6},
 url = {http://dx.doi.org/10.1007/s00220-013-1770-6},
 year = {2013},
 month = jul,
 publisher = {Springer Nature},
 volume = {323},
 number = {1},
 pages = {241-284},
 title = {Properties and Construction of Extreme Bipartite States Having Positive Partial Transpose},
 journal = {Commun. Math. Phys.},
 source = {Crossref},
 issn = {0010-3616, 1432-0916},
}

@book{Pagonis2006,
 author = {Pagonis, Vasilis and Kitis, George and Furetta, Claudio},
 address = {New York, NY},
 booktitle = {Numerical and Practical Exercises in Thermoluminescence},
 doi = {10.1007/0-387-30090-2},
 isbn = {9780387260631},
 pages = {1--208},
 publisher = {Springer New York},
 title = {Numerical and Practical Exercises in Thermoluminescence},
 url = {http://dx.doi.org/10.1007/0-387-30090-2},
 year = {2006},
 source = {Crossref},
}

@article{l2015sequential,
 author = {L. Hao, C. and F. Cui, C. and H. Dai, Y.},
 title = {A sequential subspace projection method for extreme Z-eigenvalues of supersymmetric tensors},
 journal = {Numer. Linear Algebra Appl.},
 volume = {22},
 number = {2},
 pages = {283-298},
 year = {2014},
 publisher = {Wiley},
 doi = {10.1002/nla.1949},
 source = {Crossref},
 url = {http://dx.doi.org/10.1002/nla.1949},
 subtitle = {SSPM FOR EXTREME Z-EIGENVALUES OF SUPERSYMMETRIC TENSORS},
 issn = {1070-5325},
 month = jul,
}


@article{kolda2011shifted,
 author = {Kolda, Tamara G. and Mayo, Jackson R.},
 title = {Shifted Power Method for Computing Tensor Eigenpairs},
 journal = {SIAM J. Matrix Anal. \& Appl.},
 volume = {32},
 number = {4},
 pages = {1095-1124},
 year = {2011},
 publisher = {Society for Industrial \& Applied Mathematics (SIAM)},
 doi = {10.1137/100801482},
 source = {Crossref},
 url = {http://dx.doi.org/10.1137/100801482},
 issn = {0895-4798, 1095-7162},
 month = oct,
}

@article{kolda2014adaptive,
 author = {Kolda, Tamara G. and Mayo, Jackson R.},
 title = {An Adaptive Shifted Power Method for Computing Generalized Tensor Eigenpairs},
 journal = {SIAM J. Matrix Anal. \& Appl.},
 volume = {35},
 number = {4},
 pages = {1563-1581},
 year = {2014},
 publisher = {Society for Industrial \& Applied Mathematics (SIAM)},
 doi = {10.1137/140951758},
 source = {Crossref},
 url = {http://dx.doi.org/10.1137/140951758},
 issn = {0895-4798, 1095-7162},
 month = jan,
}

@article{han2012unconstrained,
 author = {Han, Lixing},
 title = {An unconstrained optimization approach for finding real eigenvalues of even order symmetric tensors},
 journal = {NACO},
 year = {2013},
 doi = {10.3934/naco.2013.3.583},
 number = {3},
 pages = {583-599},
 source = {Crossref},
 url = {http://dx.doi.org/10.3934/naco.2013.3.583},
 volume = {3},
 publisher = {American Institute of Mathematical Sciences (AIMS)},
 issn = {2155-3289},
 month = jul,
}

@article{hao2015feasible,
 author = {Hao, C and Cui, C and Dai, Y},
 title = {A feasible trust-region method for calculating extreme Z-eigenvalues of symmetric tensors},
 journal = {Pacific Journal of Optimization},
 volume = {11},
 number = {2},
 pages = {291--307},
 year = {2015},
 url = {http://www.ybook.co.jp/online2/oppjo/vol11/p291.html},
}

@article{dahl2007tensor,
 author = {Dahl, Geir and Leinaas, Jon Magne and Myrheim, Jan and Ovrum, Eirik},
 title = {A tensor product matrix approximation problem in quantum physics},
 journal = {Linear Algebra and its Applications},
 volume = {420},
 number = {2-3},
 pages = {711-725},
 year = {2007},
 publisher = {Elsevier BV},
 doi = {10.1016/j.laa.2006.08.026},
 source = {Crossref},
 url = {http://dx.doi.org/10.1016/j.laa.2006.08.026},
 issn = {0024-3795},
 month = jan,
}

@article{gharibian2008strong,
 author = {Gharibian, Sevag},
 title = {Strong {NP}-hardness of the quantum separability problem},
 journal = {arXiv preprint arXiv:0810.4507},
 year = {2008},
 url = {https://arxiv.org/abs/0810.4507},
}

@article{Horodecki1996,
 author = {Horodecki, Micha\l{} and Horodecki, Pawe\l{} and Horodecki, Ryszard},
 doi = {10.1016/s0375-9601(96)00706-2},
 eprint = {9605038},
 isbn = {0375-9601},
 issn = {0375-9601},
 journal = {Phys. Lett. A},
 number = {1-2},
 pages = {1-8},
 title = {Separability of mixed states: {Necessary} and sufficient conditions},
 url = {http://dx.doi.org/10.1016/s0375-9601(96)00706-2},
 volume = {223},
 year = {1996},
 source = {Crossref},
 publisher = {Elsevier BV},
 month = nov,
}

@article{eckert2002k,
  title={K. Eckert, J. Schliemann, D. Bruss, and M. Lewenstein, Ann. Phys.(NY) 299, 88 (2002).},
  author={Eckert, K},
  journal={Ann. Phys.(NY)},
  volume={299},
  pages={88},
  year={2002}
}

@article{toth2009entanglement,
  title={Entanglement and permutational symmetry},
  author={T{\'o}th, G{\'e}za and G{\"u}hne, Otfried},
  journal={Phys. Rev.Lett.},
  volume={102},
  number={17},
  pages={170503},
  year={2009},
  publisher={APS}
}

@article{toth2010separability,
  title={Separability criteria and entanglement witnesses for symmetric quantum states},
  author={T{\'o}th, G{\'e}za and G{\"u}hne, Otfried},
  journal={Appl. Phys. B},
  volume={98},
  number={4},
  pages={617--622},
  year={2010},
  publisher={Springer}
}

@article{tura2012four,
  title={Four-qubit entangled symmetric states with positive partial transpositions},
  author={Tura, J and Augusiak, R and Hyllus, P and Ku{\'s}, M and Samsonowicz, J and Lewenstein, M},
  journal={Phys. Rev. A},
  volume={85},
  number={6},
  pages={060302},
  year={2012},
  publisher={APS}
}

@article{yu2016separability,
  title={Separability of a mixture of Dicke states},
  author={Yu, Nengkun},
  journal={Phys. Rev. A},
  volume={94},
  number={6},
  pages={060101},
  year={2016},
  publisher={APS}
}

@article{einstein1935can,
 author = {Einstein, A. and Podolsky, B. and Rosen, N.},
 title = {Can Quantum-Mechanical Description of Physical Reality Be Considered Complete?},
 journal = {Phys. Rev.},
 volume = {47},
 issue = {10},
 pages = {777-780},
 numpages = {0},
 year = {1935},
 month = may,
 publisher = {American Physical Society (APS)},
 doi = {10.1103/physrev.47.777},
 url = {http://dx.doi.org/10.1103/physrev.47.777},
 number = {10},
 source = {Crossref},
 issn = {0031-899X},
}

@article{Werner1989,
 author = {Werner, Reinhard F.},
 title = {Quantum states with {Einstein}-Podolsky-{Rosen} correlations admitting a hidden-variable model},
 journal = {Phys. Rev. A},
 volume = {40},
 number = {8},
 pages = {4277-4281},
 year = {1989},
 publisher = {American Physical Society (APS)},
 doi = {10.1103/physreva.40.4277},
 source = {Crossref},
 url = {http://dx.doi.org/10.1103/physreva.40.4277},
 issn = {0556-2791},
 month = oct,
}

@article{Peres1996a,
 author = {Peres, Asher},
 title = {Separability Criterion for Density Matrices},
 journal = {Phys. Rev. Lett.},
 volume = {77},
 number = {8},
 pages = {1413-1415},
 year = {1996},
 publisher = {American Physical Society (APS)},
 doi = {10.1103/physrevlett.77.1413},
 source = {Crossref},
 url = {http://dx.doi.org/10.1103/physrevlett.77.1413},
 issn = {0031-9007, 1079-7114},
 month = aug,
}

@article{horodecki1996separability,
 author = {Horodecki, Michał and Horodecki, Paweł and Horodecki, Ryszard},
 title = {Separability of n-particle mixed states: {Necessary} and sufficient conditions in terms of linear maps},
 journal = {Phys. Lett. A},
 volume = {283},
 number = {1-2},
 pages = {1-7},
 year = {2001},
 publisher = {Elsevier BV},
 doi = {10.1016/s0375-9601(01)00142-6},
 source = {Crossref},
 url = {http://dx.doi.org/10.1016/s0375-9601(01)00142-6},
 issn = {0375-9601},
 month = may,
}

@article{Woronowikz1976,
 author = {Woronowicz, S.L.},
 title = {Positive maps of low dimensional matrix algebras},
 journal = {Rep. Math. Phys.},
 volume = {10},
 number = {2},
 pages = {165-183},
 year = {1976},
 publisher = {Elsevier BV},
 doi = {10.1016/0034-4877(76)90038-0},
 source = {Crossref},
 url = {http://dx.doi.org/10.1016/0034-4877(76)90038-0},
 issn = {0034-4877},
 month = oct,
}

@misc{Choi1982,
 author = {Choi, Man-Duen},
 doi = {10.1090/pspum/038.2/9850},
 url = {http://dx.doi.org/10.1090/pspum/038.2/9850},
 year = {1982},
 publisher = {American Mathematical Society},
 pages = {583-590},
 title = {Positive linear maps},
 source = {Crossref},
 issn = {0082-0717, 2324-707X},
 isbn = {9780821814444, 9780821893289},
}

@article{Strmer1963,
 author = {Størmer, Erling},
 title = {Positive linear maps of operator algebras},
 journal = {Acta Math.},
 volume = {110},
 number = {0},
 pages = {233-278},
 year = {1963},
 publisher = {International Press of Boston},
 doi = {10.1007/bf02391860},
 source = {Crossref},
 url = {http://dx.doi.org/10.1007/bf02391860},
 issn = {0001-5962},
}

@article{Horodecki1997,
 author = {Horodecki, Pawel},
 title = {Separability criterion and inseparable mixed states with positive partial transposition},
 journal = {Phys. Lett. A},
 volume = {232},
 number = {5},
 pages = {333-339},
 year = {1997},
 publisher = {Elsevier BV},
 doi = {10.1016/s0375-9601(97)00416-7},
 source = {Crossref},
 url = {http://dx.doi.org/10.1016/s0375-9601(97)00416-7},
 issn = {0375-9601},
 month = aug,
}

@article{Kraus2000,
 author = {Kraus, B. and Cirac, J. I. and Karnas, S. and Lewenstein, M.},
 title = {Separability {in2$\times$Ncomposite} quantum systems},
 journal = {Phys. Rev. A},
 volume = {61},
 number = {6},
 pages = {062302},
 year = {2000},
 publisher = {American Physical Society (APS)},
 doi = {10.1103/physreva.61.062302},
 source = {Crossref},
 url = {http://dx.doi.org/10.1103/physreva.61.062302},
 issn = {1050-2947, 1094-1622},
 month = may,
}

@article{Horodecki2000,
 author = {Horodecki, Paweł and Lewenstein, Maciej and Vidal, Guifré and Cirac, Ignacio},
 title = {Operational criterion and constructive checks for the separability of low-rank density matrices},
 journal = {Phys. Rev. A},
 volume = {62},
 number = {3},
 pages = {032310},
 year = {2000},
 publisher = {American Physical Society (APS)},
 doi = {10.1103/physreva.62.032310},
 source = {Crossref},
 url = {http://dx.doi.org/10.1103/physreva.62.032310},
 issn = {1050-2947, 1094-1622},
 month = aug,
}

@article{Karnas2001,
 author = {Karnas, Sini{\v{s}}a and Lewenstein, Maciej},
 title = {Separability and entanglement in $C^2\otimes  C^2\otimes C^N$ composite quantum systems},
 journal = {Phys. Rev. A},
 volume = {64},
 number = {4},
 pages = {042313},
 year = {2001},
 publisher = {APS},
 doi = {10.1103/physreva.64.042313},
	url = {https://doi.org/10.1103\%2Fphysreva.64.042313},








}

@article{Fei2003,
 author = {Fei, Shao-Ming and Gao, Xiu-Hong and Wang, Xiao-Hong and Wang, Zhi-Xi and Wu, Ke},
 title = {Separability and entanglement in $C^2\otimes  C^3\otimes C^ N$ composite quantum systems},
 journal = {Phys. Rev. A},
 volume = {68},
 number = {2},
 pages = {022315},
 year = {2003},
 publisher = {APS},
 doi = {10.1103/physreva.68.022315},
	url = {https://doi.org/10.1103\%2Fphysreva.68.022315},








}

@article{horodecki2003rank,
 author = {Horodecki, Pawel and Smolin, John A and Terhal, Barbara M and Thapliyal, Ashish V},
 title = {Rank two bipartite bound entangled states do not exist},
 journal = {Theor. Comput. Sci.},
 volume = {292},
 number = {3},
 pages = {589-596},
 year = {2003},
 publisher = {Elsevier BV},
 doi = {10.1016/s0304-3975(01)00376-0},
 source = {Crossref},
 url = {http://dx.doi.org/10.1016/s0304-3975(01)00376-0},
 issn = {0304-3975},
 month = jan,
}

@article{Chruscinski2008,
 author = {Chruściński, Dariusz and Jurkowski, Jacek and Kossakowski, Andrzej},
 title = {Quantum states with strong positive partial transpose},
 journal = {Phys. Rev. A},
 volume = {77},
 number = {2},
 pages = {022113},
 year = {2008},
 publisher = {American Physical Society (APS)},
 doi = {10.1103/physreva.77.022113},
 source = {Crossref},
 url = {http://dx.doi.org/10.1103/physreva.77.022113},
 issn = {1050-2947, 1094-1622},
 month = feb,
}

@article{Ha2012,
 author = {Ha, Kil-Chan},
 title = {Entangled states with strong positive partial transpose},
 journal = {Phys. Rev. A},
 volume = {81},
 number = {6},
 pages = {064101},
 year = {2010},
 publisher = {American Physical Society (APS)},
 doi = {10.1103/physreva.81.064101},
 source = {Crossref},
 url = {http://dx.doi.org/10.1103/physreva.81.064101},
 issn = {1050-2947, 1094-1622},
 month = jun,
}

@article{Bylicka2010,
 author = {Bylicka, Bogna and Chruściński, Dariusz},
 title = {Witnessing quantum discord in 2 $\times$ N systems},
 journal = {Phys. Rev. A},
 volume = {81},
 number = {6},
 pages = {062102},
 year = {2010},
 publisher = {American Physical Society (APS)},
 doi = {10.1103/physreva.81.062102},
 source = {Crossref},
 url = {http://dx.doi.org/10.1103/physreva.81.062102},
 issn = {1050-2947, 1094-1622},
 month = jun,
}

@article{Bylicka2013,
 author = {Bylicka, B and Chruściński, D and Jurkowski, J},
 title = {On separable decompositions of quantum states with strong positive partial transposes},
 journal = {J. Phys. A: Math. Theor.},
 volume = {46},
 number = {20},
 pages = {205303},
 year = {2013},
 publisher = {IOP Publishing},
 doi = {10.1088/1751-8113/46/20/205303},
 source = {Crossref},
 url = {http://dx.doi.org/10.1088/1751-8113/46/20/205303},
 issn = {1751-8113, 1751-8121},
 month = may,
}

@article{Guo2012,
 author = {Guo, Yu and Hou, Jinchuan},
 title = {A class of separable quantum states},
 journal = {J. Phys. A: Math. Theor.},
 volume = {45},
 number = {50},
 pages = {505303},
 year = {2012},
 publisher = {IOP Publishing},
 doi = {10.1088/1751-8113/45/50/505303},
 source = {Crossref},
 url = {http://dx.doi.org/10.1088/1751-8113/45/50/505303},
 issn = {1751-8113, 1751-8121},
 month = nov,
}

@article{SPPT3partite,
 author = {Yu, Xin-Yu and Zhao, Hui},
 title = {Separability of Tripartite Quantum States with Strong Positive Partial Transposes},
 journal = {Int J Theor Phys},
 volume = {54},
 number = {1},
 pages = {292-301},
 year = {2014},
 publisher = {Springer Nature},
 doi = {10.1007/s10773-014-2224-4},
 source = {Crossref},
 url = {http://dx.doi.org/10.1007/s10773-014-2224-4},
 issn = {0020-7748, 1572-9575},
 month = jun,
}

@article{Piani2008,
 author = {Piani, Marco and Horodecki, Paweł and Horodecki, Ryszard},
 title = {No-Local-Broadcasting Theorem for Multipartite Quantum Correlations},
 journal = {Phys. Rev. Lett.},
 volume = {100},
 number = {9},
 pages = {090502},
 year = {2008},
 publisher = {American Physical Society (APS)},
 doi = {10.1103/physrevlett.100.090502},
 source = {Crossref},
 url = {http://dx.doi.org/10.1103/physrevlett.100.090502},
 issn = {0031-9007, 1079-7114},
 month = mar,
}

@article{Gurvits2002,
 author = {Gurvits, Leonid and Barnum, Howard},
 title = {Largest separable balls around the maximally mixed bipartite quantum state},
 journal = {Phys. Rev. A},
 volume = {66},
 number = {6},
 pages = {062311},
 year = {2002},
 publisher = {American Physical Society (APS)},
 doi = {10.1103/physreva.66.062311},
 source = {Crossref},
 url = {http://dx.doi.org/10.1103/physreva.66.062311},
 issn = {1050-2947, 1094-1622},
 month = dec,
}

@inproceedings{gurvits2003classical,
 author = {Gurvits, Leonid},
 title = {Classical deterministic complexity of Edmonds' Problem and quantum entanglement},
 booktitle = {Proceedings of the thirty-fifth ACM symposium on Theory of computing - STOC '03},
 pages = {10--19},
 year = {2003},
 organization = {ACM},
 doi = {10.1145/780543.780545},
 source = {Crossref},
 url = {http://dx.doi.org/10.1145/780543.780545},
 publisher = {ACM Press},
 isbn = {1581136749},
}

@article{Chen2011,
 author = {Chen, Lin and Dragomir {\v{Z}} {\DH}okovi{\'{c}}},
 title = {Distillability and {PPT} entanglement of low-rank quantum states},
 journal = {J. Phys. A: Math. Theor.},
 volume = {44},
 number = {28},
 pages = {285303},
 year = {2011},
 publisher = {IOP Publishing},
 doi = {10.1088/1751-8113/44/28/285303},
 source = {Crossref},
 url = {http://dx.doi.org/10.1088/1751-8113/44/28/285303},
 issn = {1751-8113, 1751-8121},
 month = jun,
}

@article{Chen2013a,
 author = {Chen, Lin and Dragomir {\v{Z}} {\DH}okovi{\'{c}}},
 title = {Separability problem for multipartite states of rank at most 4},
 journal = {J. Phys. A: Math. Theor.},
 volume = {46},
 number = {27},
 pages = {275304},
 year = {2013},
 publisher = {IOP Publishing},
 doi = {10.1088/1751-8113/46/27/275304},
 source = {Crossref},
 url = {http://dx.doi.org/10.1088/1751-8113/46/27/275304},
 issn = {1751-8113, 1751-8121},
 month = jun,
}

@article{Sanpera1997,
 author = {Sanpera, Anna and Tarrach, Rolf and Vidal, Guifré},
 title = {Local description of quantum inseparability},
 journal = {Phys. Rev. A},
 year = {1998},
 doi = {10.1103/physreva.58.826},
 number = {2},
 pages = {826-830},
 source = {Crossref},
 url = {http://dx.doi.org/10.1103/physreva.58.826},
 volume = {58},
 publisher = {American Physical Society (APS)},
 issn = {1050-2947, 1094-1622},
 month = aug,
}

@article{Wang2005a,
 author = {Wang, Xiao-Hong and Fei, Shao-Ming},
 title = {Canonical Form And Separability Of Ppt States On Multiple Quantum Spaces},
 journal = {Int. J. Quantum Inform.},
 volume = {03},
 number = {01},
 pages = {147-151},
 year = {2005},
 publisher = {World Scientific Pub Co Pte Lt},
 doi = {10.1142/s0219749905000669},
 source = {Crossref},
 url = {http://dx.doi.org/10.1142/s0219749905000669},
 issn = {0219-7499, 1793-6918},
 month = mar,
}
