%%% ====================================================================
%%%  BibTeX-file{
%%%     filename        = "icmmcm.bib",
%%%     version         = "1.0",
%%%     date            = "2012/01/31",
%%%     author          = "C.M. Connelly",
%%%     address         = "Department of Mathematics,
%%%                        Harvey Mudd College,
%%%                        1250 North Dartmouth Avenue,
%%%                        Claremont, CA  91711,
%%%                        USA",
%%%     telephone       = "909-621-8754",
%%%     FAX             = "909-621-8366",
%%%     email           = "cmc at math.hmc.edu (Internet)",
%%%     copyright       = "Public Domain.",
%%%     supported       = "no",
%%%     keywords        = "bibtex, bibliography, amslatex, ams-latex",
%%%     abstract        = "A file of BibTeX entries for use with the 
%%%                        ICM/MCM Contest sample document.",
%%%  }
%%% ====================================================================
 
@string{knuth = "Knuth, Donald E."}

@misc{EWDM,
  author =	 "Weisstein, Eric",
  title =	 "Eric {Weisstein's} World of Mathematics",
  howpublished = "Available online at {mathworld.wolfram.com}",
  url =		 "http://mathworld.wolfram.com/",
  year =	 2000,
}

@article{MathWrite,
  author =	 "Knuth, Donald E. and Larrabee, Tracy and Roberts,
                  Paul M.",
  title =	 "Mathematical Writing",
  journal =	 "Mathematics Association of America Notes",
  volume =	 14,
  year =	 1989,
}

@article{TUG:h-l,
  author =	 "Editor",
  title =	 "Hyphenation Exception Log",
  journal =	 "TUGboat",
  volume =	 7,
  number =	 3,
  year =	 1986,
  pages =	 145,
}

@Book{amsmath-doc,
  author =	 "American Mathematical Society",
  title =	 "User's Guide for the amsmath Package",
  publisher =	 "American Mathematical Society",
  year =	 1999,
  month =	 "Dec",
}

@Book{bringhurst-elements,
  author =	 {Bringhurst, Robert},
  title =	 {The Elements of Typographic Style},
  publisher =	 {Hartley \& Marks},
  year =	 1996,
  address =	 {Vancouver, BC},
  edition =	 {second},
}

@Manual{carlisle-grfguide,
  title =	 {Packages in the `graphics' Bundle},
  author =	 {Carlisle, David P.},
  month =	 {January},
  year =	 1999,
  howpublished = {Available as grfguide (in DVI, PS, or PDF) on most
                  \TeX\ installations.}
}

@Book{chicago,
  editor =	 "Grossman, John",
  key =		 "Chicago",
  title =	 "The {Chicago} Manual of Style",
  publisher =	 "University of Chicago Press",
  address =	 "Chicago, IL",
  edition =	 "14th",
  pages =	 "ix + 921",
  year =	 1993,
  ISBN =	 "0-226-10389-7",
  LCCN =	 "Z253 .U69 1993",
  bibdate =	 "Mon Sep 23 08:57:34 1996",
  price =	 "US\$40.00",
  annote =	 "The standard American work on typesetting style
                  etc. (CHe)",
  bibliography = "yes",
  glossary =	 "yes",
  history =	 "First edition, 1906, 12th edition 1969, 13th edition
                  1982, 14th edition 1993",
  index =	 "yes",
  inprint =	 "yes",
  keywords =	 "printing, practical style manuals, authorship
                  handbooks, authorship manuals",
  printermarks = "yes",
  subtitle =	 "Rules for Authors, Printers and Publishers",
}

@Misc{comap-mcm-rules,
  author =	 {{COMAP}},
  title =	 {Contest Registration and Instructions},
  howpublished = {Website},
  url =
                  {http://www.comap.com/undergraduate/contests/mcm/instructions.php},
  year =	 2009,
  note =	 {Viewed on 2009 February 5}
}

@Book{dupre-bugs,
  author =	 {{Dupr\'{e}}, Lyn},
  title =	 {{BUGS} in Writing},
  publisher =	 {Addison-Wesley},
  year =	 1998,
  address =	 {Reading, MA},
  edition =	 {second},
}

@manual{fear-booktab,
  author =	 "Fear, Simon",
  title =	 "Publication Quality Tables in \LaTeX{}",
  year =	 1997,
  month =	 "July",
  howpublished = "Electronically, accompanies the booktabs package.",
}

@book{goosens-latex-companion,
  author =	 "Goossens, Michel and Mittelbach, Frank and Samarin,
                  Alexander",
  title =	 "The {\LaTeX} Companion",
  publisher =	 "Addison-Wesley",
  year =	 1994,
}

@Book{gratzer-mil,
  author =	 {{Gr\"{a}tzer}, George},
  title =	 {Math into {\LaTeX}},
  publisher =	 {Birkh\"{a}user},
  year =	 2000,
  address =	 "Boston",
}

@book{knuth-texbook,
  author =	 knuth,
  title =	 "The \TeX{}book",
  publisher =	 "Addison-Wesley",
  year =	 1993,
}

@book{kopka-daly-guide,
  author =	 "Kopka, Helmut and Daly, Patrick W.",
  title =	 "A Guide to \LaTeX",
  edition =	 "3rd",
  publisher =	 "Addison-Wesley",
  year =	 1999,
}

@book{krantz-primer,
  author =	 "Krantz, Stephen G.",
  title =	 "A Primer of Mathematical Writing",
  publisher =	 "American Mathematical Society",
  year =	 1997
}

@book{lamport,
  author =	 "Lamport, Leslie",
  title =	 "{\LaTeX}: A Document Preparation System",
  edition =	 "2nd",
  publisher =	 "Addison-Wesley",
  year =	 1994,
}

@article{transfib,
  author =	 knuth,
  title =	 "Transcendental numbers based on the {Fibonacci}
                  sequence",
  journal =	 "Fibonacci Quarterly",
  volume =	 2,
  year =	 1964,
  pages =	 "43--44"
}

@Book{tufte-vdq,
  author =	 "Tufte, Edward R.",
  title =	 "The Visual Display of Quantitative Information",
  publisher =	 "Graphics Press",
  address =	 "Cheshire, CT",
  pages =	 197,
  year =	 1983,
  ISBN =	 "0-9613921-0-X",
  LCCN =	 "K27.S8 T84",
}
