@book{Hofstadter1979,
 author = {Hofstadter, Douglas R.},
 title = {Godel, Escher, Bach: An Eternal Golden Braid},
 year = {1979},
 isbn = {0465026850},
 publisher = {Basic Books, Inc.},
 address = {New York, NY, USA},
} 

@InProceedings{Balakrishnan2013, 
author={Balakrishnan, R. and Mouthaan, K. and Hinostroza, I. and Guinvarc'h, R.}, 
booktitle={Antennas and Propagation Society International Symposium (APSURSI), 2014 IEEE}, 
title={Dual-circular polarized planar array of connected sinuous antennas}, 
year={2014}, 
month={July}, 
pages={941-942}, 
keywords={antenna radiation patterns;electrical engineering computing;planar antenna arrays;CST Microwave Studio;active reflection coefficient;adjacent antenna elements;antenna gain;connected sinuous antennas;dual-circular polarized planar array;dual-polarization capability;reflection coefficient improvement;self-complementary four-arm sinuous antennas;uniform planar array;Arrays;Bandwidth;Broadband antennas;Microwave antenna arrays;Planar arrays}, 
doi={10.1109/APS.2014.6904799}, 
ISSN={1522-3965},
}
