% This file was created with JabRef 2.9.2.
% Encoding: ISO8859_1

% Order alphabetically

@ARTICLE{Ebejer2012,
  author = {Ebejer, Jean-Paul and Morris, Garrett M. and Deane, Charlotte M.},
  title = {Freely Available Conformer Generation Methods: How Good Are They?},
  journal = {J. Chem. Inf. Model.},
  year = {2012},
  volume = {52},
  pages = {1146--1158},
  number = {5}
}

