%              required fields:                  optional fields
% article:     author, title, journal, year      volume, number, pages, month, note
% book:        author,
% journal: 
% unpublished: 
% techreport:
% phdthesis:
% 
@article{xiuwu2002,
    author  = {修武，施冠丞，许坤霖},
    title   = {微流道系统内流体流动现象之数值模拟},
    journal = {台大工程学刊},
    year    = {2002},
    volume  = {86},
    pages   = {73--82},
}

@article{Manz1990,
    author  = {A. Manz and N. Graber and H. M. Widmer},
    title   = {Miniaturized total chemical analysis systems: A novel concept for chemical sensing.},
    journal = {Sens. Actuators B},
    year    = {1990},
    volume  = {1},
    pages   = {244--248},
}

@article{Harrison1993,
    author  = {D. J. Harrison and K. Fluri and K. Seiler and Z. Fan and C. S. Effenhauser and A. Manz},
    title   = {Micromachining a Miniaturized Capillary Electrophoresis-Based ChemicalAnalysis System on a Chip},
    journal = {Science},
    year    = {1993},
    volume  = {261},
    pages   = {895--897},
}

@article{Reyes2002,
    author  = {D. R. Reyes and D. Iossifidis and P. A. Auroux and A. Manz},
    title   = {Micro total analysis systems: 1. Introduction, theory, and technology},
    journal = {Anal. Chem.},
    year    = {2002},
    volume  = {74},
    pages   = {2626--2636},
}

@article{Auroux2002,
    author  = {P. A. Auroux and D. Iossifidis and D. R. Reyes and A. Manz},
    title   = {Micro total analysis systems: 2. Analytical Standard Operations and Applications},
    journal = {Anal. Chem.},
    year    = {2002},
    volume  = {74},
    pages   = {2637--2652},
}

@article{Erickson2003,
    author  = {D. Erickson and D. Li and U. J. Krullb},
    title   = {Modeling of DNA hybridization kinetics for spatially resolved biochips},
    journal = {Anal. Biochem.},
    year    = {2003},
    volume  = {317},
    pages   = {186--200},
}

@techreport{NNCO2003-tech,
    author      = {NNCO},
    title       = {Nanotechonology and the environment},
    institution = {the National Nanotechnology Initiative Workshop},
    year        = {2003},
}

@article{Hu2007,
    author  = {G. Hu and D. Li},
    title   = {Multiscale phenomena in microfluidics and nanofluidics},
    journal = {Chem. Eng. Sci.},
    year    = {2007},
    volume  = {62},
    pages   = {3443--3454},
}

@phdthesis{Hahm2005-phd,
    author  = {J. Hahm},
    title   = {Numerical simulation of electrokinetically driven micro flows},
    school  = {Texas A\&M University},
    year    = {2005},
}

@book{Karniadakis2005-book,
    author    = {G. Karniadakis and A. Beskok and N. Aluru},
    title     = {Microflows and Nanoflows: Fundamentals and Simulation},
    publisher = {Springer},
    year      = {2005},
}

@article{Erickson2004,
    author  = {D. Erickson and D. Li},
    title   = {Integrated microfluidic devices},
    journal = {Anal. Chim. Acta.},
    year    = {2004},
    volume  = {507},
    pages   = {11--26},
}

@article{Connell1995,
    author  = {S. T. O'Connell and P. A. Thompson},
    title   = {Molecular dynamics-continuum hybrid computations: a tool for studying complex fluid flow},
    journal = {Phys. Rev. E},
    year    = {1995},
    volume  = {52},
    pages   = {5792--5795},
}

@article{Delgado2003,
    author  = {R. Delgado-Buscalioni and P. V. Coveney},
    title   = {Continuum-particle hybrid coupling for mass, momentum, and energy transfers in unsteady fluid flow},
    journal = {Phys. Rev. E},
    year    = {2003},
    volume  = {67},
    pages   = {046704},
}

@unpublished{Delgado-unp,
    author  = {R. Delgado-Buscalioni and P. V. Coveney},
    title   = {Hybrid molecular--continuum fluid dynamics},
    pages   = {1--11},
    note    = {unpublished},
    jluwarn = {},
}

@article{Hadjiconstantinou1999,
    author  = {N. G. Hadjiconstantinou},
    title   = {Hybrid Atomistic--Continuum Formulations and the Moving Contact--Line Problem},
    journal = {J. Comput. Phys.},
    year    = {1999},
    volume  = {154},
    pages   = {245--265},
}

@article{Ren2005,
    author  = {W. Ren and W. E},
    title   = {Heterogeneous multiscale method for the modeling of complex fluids and micro-fluidics},
    journal = {J. Comput. Phys.},
    year    = {2005},
    volume  = {204},
    pages   = {1--26},
}

@article{Fichthorn2008,
    author  = {K. A. Fichthorn and Y. Qin},
    title   = {Molecular dynamics simulation of the forces between colloidal nanoparticles in Lennard--Jones and n-decane solvent},
    journal = {Granular Matter},
    year    = {2008},
    volume  = {10},
    pages   = {105--111},
}

@article{Aktas2002,
    author  = {O. Aktas and N. R. Aluru},
    title   = {A combined continuum/DSMC technique for multiscale analysis of microfluidic filters},
    journal = {J. Comput. Phys.},
    year    = {2002},
    volume  = {178},
    pages   = {342--372},
}

@article{Qiao2004,
    author  = {R. Qiao and N. R. Aluru},
    title   = {Multiscale simulation of electroosmotic transport using embedding techniques},
    journal = {Int. J. Mutliscale Comput. Eng.},
    year    = {2004},
    volume  = {2},
    pages   = {173--188},
}

@article{Qiao2002,
    author  = {R. Qiao and N. R. Aluru},
    title   = {Ion concentrations and velocity profiles in nanochannel electroosmotic flows},
    journal = {J. Chem. Phys.},
    year    = {2002},
    volume  = {8},
    pages   = {4692--4701},
}


@inproceedings{Freund2000,
    author    = {J. B. Freund},
    title     = {Atomistic simulation of electro-osmosis in a nanometer-scale channel},
    booktitle = {Procedings of the Summer Program 2000},
    year      = {2000},
    publisher = {Center for Turbulence Research},
    pages      = {21--29}
}

@article{Freund2002,
    author  = {J. B. Freund},
    title   = {Electro-osmosis in a nanometer-scale channel studied by atomistic simulation},
    journal = {J. Chem. Phys},
    year    = {2002},
    volume  = {116},
    pages   = {2194--2200},
}

@article{Werder2005,
    author  = {T. Werder and J. H.Walther and P. Koumoutsakos},
    title   = {Hybrid atomistic--continuum method for the simulation of dense fluid flows},
    journal = {J. Comput. Phys},
    year    = {2005},
    volume  = {205},
    pages   = {373--390},
}

@article{Joseph2005,
    author  = {S. Joseph and A. N. Chatterjee and N. R. Aluru},
    title   = {Multiscale Computation.of Fluid.and.Ion Transport in.Nanochannels: The Effect of Partial Charges},
    journal = {Nanotech},
    year    = {2005},
    volume  = {1},
    pages   = {601--604},
}

@unpublished{Donev-unp,
    author  = {A. Donev and A. L. Garcia and B. J. Alder},
    title   = {An Event--Driven Hybrid Molecular Dynamics and Direct Simulation Monte Carlo Algorithm},
    pages   = {1--40},
    note    = {unpublished},
    jluwarn = {作者B. J. `Alder1'的名字有问题},
    
}

@unpublished{Yasuda-unp,
    author  = {S. Yasuda and R.  Yamamoto},
    title   = {A Model for Hybrid.Simulations of Molecular Dynamics and CFD},
    note    = {(unpublished)},
    jluwarn = {CFD 在排印时变成小写的了，如何保护大写的呢？}
}

@phdthesis{zhangpeng2006-phd,
    author  = {张鹏},
    title   = {微流控芯片中多物理场耦合问题的数值模拟研究},
    school  = {吉林大学},
    year    = {2006},
}

@article{wangchongyu2004,
    author  = {王崇愚},
    title   = {多尺度模型及相关分析方法},
    journal = {复杂系统与复杂性科学},
    year    = {2004},
    volume  = {1},
    pages   = {9--19},
}

@article{heguowei2004,
    author  = {何国威，夏蒙棼，柯孚久，白以龙},
    title   = {多尺度耦合现象：挑战和机遇},
    journal = {自然科学进展},
    year    = {2004},
    volume  = {14},
    pages   = {121--124},
}

@article{chailihe2007,
    author  = {柴立和},
    title   = {多尺度科学的研究进展},
    journal = {化学进展},
    year    = {2005},
    volume  = {17},
    pages   = {187-190},
}

@article{zhouzhen2006,
    author  = {周震，言天英，高学平},
    title   = {储能材料的模拟与设计},
    journal = {物理化学学报},
    year    = {2006},
    volume  = {22},
    pages   = {1168--1174},
}

@article{gewei2005,
    author  = {葛蔚，麻景森，张家元，唐德翔，陈飞国，王小伟，郭力，李静海},
    title   = {复杂流动多尺度模拟中的粒子方法},
    journal = {科学通报},
    year    = {2005},
    volume  = {50},
    pages   = {841--853},
}

@article{Nie2004,
    author  = {X. Nie and S. Chen and W. N. E and M. O. Robbins},
    title   = {A continuum and molecular dynamics hybrid method for micro- and nano-fluid flow},
    journal = {J. Fluid. Mech.},
    year    = {2004},
    volume  = {500},
    pages   = {55--64},
}

@article{Liu2007,
    author  = {J. Liu and S. Chen and X. Nie and M. O. Robbins},
    title   = {A continuum--atomistic simulation of heat transfer in micro- and nano-flows},
    journal = {J. Comput. Phys.},
    year    = {2007},
    volume  = {227},
    pages   = {279--291},
}

@article{Cui2006,
    author  = {J. Cui and G. He and D. Qi},
    title   = {A constrained particle dynamics for continuum--particle hybrid method in micro- and nano-fluidics},
    journal = {Acta. Mech. Sinica.},
    year    = {2006},
    volume  = {22},
    pages   = {503--508},
}

@article{Wang2007,
    author  = {Y. Wang and G. He},
    title   = {A dynamic coupling model for hybrid atomistic--continuum computations},
    journal = {Chem. Eng. Sci.},
    year    = {2007},
    volume  = {62},
    pages   = {3574--3579},
}

@article{zhangxiaohua2007,
    author  = {张小华，欧阳洁，孔倩},
    title   = {聚合物流动的多尺度模拟},
    journal = {化工学报},
    year    = {2007},
    volume  = {58},
    pages   = {1897--1904},
}

@article{,
    author  = {},
    title   = {},
    journal = {},
    year    = {},
    volume  = {},
    pages   = {},
}

@article{,
    author  = {},
    title   = {},
    journal = {},
    year    = {},
    volume  = {},
    pages   = {},
}

@article{,
    author  = {},
    title   = {},
    journal = {},
    year    = {},
    volume  = {},
    pages   = {},
}

@article{,
    author  = {},
    title   = {},
    journal = {},
    year    = {},
    volume  = {},
    pages   = {},
}

@book{,
    author      = {},
    title       = {},
    publisher   = {},
    year        = {},
}



[34]

[35]

[36]

[37] .

[38] Bochev.P., Christon.M., Collis S. S., Lehoucq.R., Shadid.J., Slepoy.A. and.Wagner G. A Mathematical Framework.for Multiscale Science and.Engineering: The Variational Multiscale Method.and.Interscale Transfer Operators. Sandia National Laboratories, 2004.

[39] Squires T. M. Microfluidics: Fluid.physics at the nanoliter scale. Rev. Mod. Phys., 2005, 77: 977-1026.

[40] Gad-el-Hak.M. The fluid.mechanics of microdevicesㄜthe Freeman.scholar lecture. J. Fluid Eng., 1999, 121: 5-33.

[41] Allen.M. P., Tildesley.D. J. Computer simulation.of liquids(reprinted.1991). Clarendon.Press

. Oxford, 1987.

[42]
Deuflhard.P., Hermans J., Leimkuhler B. et al. Computational molecular dynamics: challenges, methods, ideas(Proceedings of the 2nd.International Symposium on.Algorithms for Macromolecular Modelling, Berlin, May.21-24, 1997). Springer, 1999.

[43]
Frenkel D., Smit B. Understanding.molecular simulation. Academic Press, 2002.

[44]
Boon.J. P., Yip.S. Molcecular Hydrodynamics(Dover, 1991). Dover Publication, Inc., 1991.

[45]
Tuckerman.M. E., Martyna G. J. Understanding.Modern.Molecular Dynamics: Techniques and.Applications. J. Phys. Chem. B, 2000, 104: 159-178.

[46]
Galliero.G., Volz S. Thermodiffusion.in.model nanofluids by.molecular dynamics simulations( unpublished).

[47]
Chatterjee K., Poggie J. A two-dimensional stochastic algorithm for the solution.of the non-linear Poisson每Boltzmann.equation: validation.with.finite-difference benchmarks. Int. J. Numer. Meth. Engng., 2006, 66: 72-84.

[48]
Sinton.D., Li D. Electroosmotic velocity.profiles in.microchannels. Colloids and.Surfaces A: Physicochem. Eng. Aspects, 2003, 222: 273-283.

[49]
Ren.L., Li D. Electroosmotic Flow in.Heterogeneous Microchannels. J. Colloid.Interface Sci., 2001, 243: 255-261.

[50]
Yang.C., Ng.C. B., Chan.V.. Transient Analysis of Electroosmotic Flow in.a Slit Microchannel. J. Colloid. Inter. Sci., 2002, 248: 524-527.

[51]
Takamura Y., Onoda H., Inokuchi H., Adachi S., Oki A., Horiike Y.. Low-voltage electroosmosis pump.for stand-alone microfluidics devices. Electrophoresis, 2003, 24: 185-192.

[52]
Brask.A., Goranovic G., Bruus H. Theoretical analysis of the low-voltage cascade electro-osmotic pump. Sens. Actuators B, 2003, 92: 127-132.

[53]
Mala G. M., Yang.C., Li D. Electrical double layer potential distribution.in.a rectangular microchannel. Colloids and.Surfaces, 1998, 135: 109-116.

[54]
Vogel M. J., Ehrhard.P., Steen.P. H.. The electroosmotic droplet switch: Counteringcapillarity.with.electrokinetics. Proceedings of the National Academy.of Sciences, 2005, 102: 11974-11979.


@article{,
    author  = {},
    title   = {},
    journal = {},
    year    = {},
    volume  = {},
    pages   = {},
}

@book{,
    author      = {},
    title       = {},
    publisher   = {},
    year        = {},
}

@inbook{,
    author      = {},
    title       = {},
    pages       = {},
    chapter     = {},
    publisher   = {},
    year        = {},
}

@techreport{,
    author      = {},
    title       = {},
    institution = {},
    year        = {},
}

@phdthesis{,
    author  = {},
    title   = {},
    school  = {},
    year    = {},
}

@unpublished{,
    author  = {},
    title   = {},
    note    = {},
}

@inproceedings{,
    author      = {},
    title       = {},
    booktitle   = {},
    year        = {},
    publisher   = {},
    organization= {},
}

