@book{Wang-Wenliang:1993,
   lang = {zh},
   author = {王文亮},
   title = {结构动力学},
   publisher = {复旦大学出版社},
   address = {上海},
   ISBN = {9787309010237},
   year = {1993}
}

@book{Ding-Wenjing:1988,
   lang = {zh},
   author = {丁文镜},
   title = {减振理论},
   publisher = {清华大学出版社},
   address = {北京},
   ISBN = {9787302002529},
   year = {1988}
}

@inproceedings{Worlund:1966,
   author = {Worlund, A. L. and Glasgow, V. L. and Norman, D. E. and Hill, R. D.},
   title = {The Reduction of POGO Effects by Gas Injection},
   booktitle = {AIAA Second Propulsion Joint Specialist Conference},
   address = {Colorado},
   publisher = {American Institute of Aeronautics and Astronautics},
   year = {1966}
}

@article{About:1987,
   author = {About, G. and Bouveret, P. and Bonnal, C. and David, N. and Lemoine, J. C.},
   title = {A New Approach of Pogo Phenomenon Three-Dimensional Studies on The Ariane 4 Launcher},
   journal = {Acta Astronautica},
   volume = {15},
   number = {6–7},
   pages = {321-330},
   ISSN = {0094-5765},
   DOI = {http://dx.doi.org/10.1016/0094-5765(87)90167-6},
   year = {1987}
}

@article{About:1983,
   author = {About, G. and Hauguel, P. and Hrisafovic, N. and Lemoine, J. C.},
   title = {La Prévention des Instabilités Pogo sur Ariane 1},
   journal = {Acta Astronautica},
   volume = {10},
   number = {4},
   pages = {179-188},
   ISSN = {0094-5765},
   DOI = {http://dx.doi.org/10.1016/0094-5765(83)90040-1},
   year = {1983}
}

@techreport{Abramson:1966,
   author = {Abramson, H. Norman},
   title = {The Dynamic Behavior of Liquids in Moving Containers},
   institution = {Southwest Research Institute},
   number = {NASA SP-106},
   year = {1966}
}

@techreport{Archer:1965,
   author = {Archer, J. S. and Rubin, C. P.},
   title = {Improved Analytic Longitudinal Response Analysis for Axisymmetric Launch Vehicles. Volume I: Linear Analytic Model},
   institution = {TRW Space Technology Labs},
   number = {NASA CR-345},
   month = {Dec},
   year = {1965}
}

@article{Bampton:1968,
   author = {Bampton, M. C. C. and Craig, Jr R. R.},
   title = {Coupling of Substructures For Dynamic Analyses},
   journal = {AIAA Journal},
   volume = {6},
   number = {7},
   pages = {1313-1319},
   ISSN = {0001-1452},
   DOI = {10.2514/3.4741},
   year = {1968}
}

@book{Bjorck:1996,
   author = {Björck, {\AA}ke},
   title = {Numerical Methods For Least Squares Problems},
   publisher = {SIAM: Society for Industrial and Applied Mathematics},
   address = {Philadelphia},
   edition = {1},
   ISBN = {0-89871-360-9},
   year = {1996}
}

@techreport{Brennen:1982,
   author = {Brennen, C. E.},
   title = {A Review of Added Mass and Fluid Inertial Forces},
   institution = {Naval Civil Engineering Laboratory},
   number = {CR 82.010},
   year = {1982}
}

@article{Burton:1988,
   author = {Burton, R. R.},
   title = {G-Induced Loss of Consciousness: Definition, History, Current Status},
   journal = {Aviat Space Environ Med},
   volume = {59},
   number = {1},
   pages = {2-5},
   ISSN = {0095-6562 (Print)
0095-6562 (Linking)},
   year = {1988}
}

@article{Conca:1997,
   author = {Conca, C. and Osses, A. and Planchard, J.},
   title = {Added Mass and Damping in Fluid-Structure Interaction},
   journal = {Computer Methods in Applied Mechanics and Engineering},
   volume = {146},
   number = {3–4},
   pages = {387-405},
   ISSN = {0045-7825},
   DOI = {http://dx.doi.org/10.1016/S0045-7825(96)01246-7},
   year = {1997}
}

@techreport{Coppolino:1977,
   author = {Coppolino, R. N. and Lock, M. H. and Rubin, S.},
   title = {Space Shuttle Pogo Studies},
   institution = {The Aerospace Corporation},
   number = {NASA-CR-151596},
   year = {1977}
}

@techreport{Creer:1960,
   author = {Creer, Brent Y. and Smedal, Harald A. and Wingrove, Rodney C.},
   title = {Centrifuge Study of Pilot Tolerance to Acceleration and The Effects of Acceleration on Pilot Performance},
   institution = {Ames Research Center},
   number = {NASA TN D-337},
   month = {November},
   year = {1960}
}

@inbook{Culick:1995,
   author = {Culick, Fred E. C. and Yang, Vigor},
   title = {Overview of  Combustion Instabilities in Liquid-Propellant Rocket Engines},
   booktitle = {Liquid Rocket Engine Combustion Instability},
   publisher = {American Institute of Aeronautics and Astronautics},
   address = {Reston, VA},
   volume = {169},
   chapter = {1},
   pages = {3-37},
   ISBN = {978-1-56347-183-4},
   DOI = {10.2514/4.866371},
   year = {1995}
}

@book{Davis:2008,
   author = {Davis, J. R. and Johnson, R. and Stepanek, J.},
   title = {Fundamentals of Aerospace Medicine},
   publisher = {Lippincott Williams \& Wilkins},
   address = {Philadelphia},
   edition = {4},
   ISBN = {9780781774666},
   year = {2008}
}

@book{Dennis:1983,
   author = {Dennis, J John E. and Schnabel, Robert B.},
   title = {Numerical Methods For Unconstrained Optimization and Nonlinear Equations},
   publisher = {SIAM: Society for Industrial and Applied Mathematics},
   address = {Englewood Cliffs, NJ},
   volume = {16},
   series = {Classics in Applied Mathematics},
   ISBN = {0-89871-364-1},
   year = {1983}
}

@techreport{Dimaggio:1972,
   author = {Dimaggio, O. D. and Nishimoto, T.},
   title = {Feedline Dynamic Effects on Shuttle Pogo Stability},
   institution = {North American Rockwell Corporation},
   number = {SD 72-SH-0039},
   year = {1972}
}

@techreport{Doiron:1977,
   author = {Doiron, Harold H.},
   title = {Space Shuttle POGO Prevention},
   institution = {Lyndon B. Johnson Space Center},
   number = {NASA-TM-79526},
   year = {1977}
}

@article{Dordain:1974,
   author = {Dordain, J. J. and Lourme, D. and Estoueig, C.},
   title = {Etude de l'effet POGO sur les lanceurs EUROPA II et DIAMANT B},
   journal = {Acta Astronautica},
   volume = {1},
   number = {11–12},
   pages = {1357-1384},
   ISSN = {0094-5765},
   DOI = {http://dx.doi.org/10.1016/0094-5765(74)90081-2},
   year = {1974}
}

@inproceedings{Dotson:2004,
   author = {Dotson, Kirk W. and Rubin, Sheldon and Sako, Brian H.},
   title = {Effects of Unsteady Pump Cavitation on Propulsion-Structure Interaction (Pogo) in Liquid Rockets},
   booktitle = {45th AIAA/ASME/ASCE/AHS/ASC Structures, Structural Dynamics \& Materials Conference},
   series = {Structures, Structural Dynamics, and Materials and Co-located Conferences},
   address = {Palm Springs, California},
   publisher = {American Institute of Aeronautics and Astronautics},
   DOI = {doi:10.2514/6.2004-2027},
   year = {2004}
}

@article{Dotson:2005,
   author = {Dotson, Kirk W. and Rubin, Sheldon and Sako, Brian H.},
   title = {Mission-Specific POGO Stability Analysis with Correlated Pump Parameters},
   journal = {Journal of Propulsion and Power},
   volume = {21},
   number = {4},
   pages = {619-626},
   ISSN = {0748-4658},
   DOI = {10.2514/1.9440},
   year = {2005}
}

@article{El-Kamali:2011,
   author = {El-Kamali, M. and Schotté, J. S. and Ohayon, R.},
   title = {Three-Dimensional Modal Analysis of Sloshing Under Surface Tension},
   journal = {International Journal for Numerical Methods in Fluids},
   volume = {65},
   number = {1-3},
   pages = {87-105},
   ISSN = {1097-0363},
   DOI = {10.1002/fld.2457},
   year = {2011}
}

@techreport{Farrel:1973,
   author = {Farrel, E. C. and Fenwick, J. R.},
   title = {POGO Instabilites Suppression Evaluation},
   institution = {Rockwell International},
   number = {NASA CR-134S00},
   year = {1973}
}

@techreport{Gardner:1980,
   author = {Gardner, T. G. },
   title = {Evaluation of Space Shuttle Main Engine Fluid Dynamic Frequency Response Characteristics},
   institution = {Wyle Laboratories},
   number = {NASA-CR-161614},
   year = {1980}
}

@techreport{Glaser:1969,
   author = {Glaser, R. F.},
   title = {Longitudinal Mass-Spring Modeling of Launch Vehicles},
   institution = {George C. Marshall Space Flight Center},
   number = {NASA TN D-5371},
   year = {1969}
}

@book{Golub:1996,
   author = {Golub, G. H. and Van Loan, C. F.},
   title = {Matrix Computations},
   publisher = {Johns Hopkins University Press},
   address = {Baltimore, Maryland},
   edition = {3},
   series = {Johns Hopkins Studies in the Mathematical Sciences},
   ISBN = {9780801854149},
   year = {1996}
}

@article{Gustavsen:1999,
   author = {Gustavsen, Bjorn and Semlyen, Adam},
   title = {Rational Approximation of Frequency Domain Responses by Vector Fitting},
   journal = {Power Delivery, IEEE Transactions on},
   volume = {14},
   number = {3},
   pages = {1052-1061},
   ISSN = {0885-8977},
   year = {1999}
}

@book{Hacker:1977,
   author = {Hacker, Barton C. and Grimwood, James M.},
   title = {On The Shoulders of Titans: A History of Project Gemini},
   publisher = {National Aeronautics and Space Administration},
   address = {Washington, D.C.},
   series = {The NASA History Series},
   ISBN = {149377591X},
   year = {1977}
}

@article{Haroun:1981,
   author = {Haroun, Medhat A. and Housner, George W.},
   title = {Seismic design of liquid storage tanks},
   journal = {Journal of the Technical Councils of ASCE},
   volume = {107},
   number = {1},
   pages = {191-207},
   year = {1981}
}

@article{Henderson:1994,
   author = {Henderson, D. M. and Miles, J. W.},
   title = {Surface-Wave Damping in a Circular Cylinder with a Fixed Contact Line},
   journal = {Journal of Fluid Mechanics},
   volume = {275},
   pages = {285-299},
   ISSN = {1469-7645},
   year = {1994}
}

@inproceedings{Hill:1969,
   author = {Hill, R. and Murphy, G and Worlund, A.},
   title = {Saturn V Longitudinal Oscillation (POGO) Solution},
   booktitle = {5th Propulsion Joint Specialist},
   address = {Colorado},
   publisher = {American Institute of Aeronautics and Astronautics},
   year = {1969}
}

@article{Jacobsen:1949,
   author = {Jacobsen, Lydik S.},
   title = {Impulsive Hydrodynamics of Fluid Inside a Cylindrical Tank and of Fluid Surrounding a Cylindrical Pier},
   journal = {Bulletin of the Seismological Society of America},
   volume = {39},
   number = {3},
   pages = {189-204},
   year = {1949}
}

@article{Jarvinen:1970,
   author = {Jarvinen, W. and Kennoy, J. and Kiefling, L. A. and Odum, R. and Papadopoulos, J. G. and Ryan, R. S.},
   title = {A Study of Saturn AS-502 Coupling Longitudinal Structural Vibration and Lateral Bending Response During Boost},
   journal = {Journal of Spacecraft and Rockets},
   volume = {7},
   number = {2},
   pages = {113-118},
   ISSN = {0022-4650},
   DOI = {10.2514/3.29884},
   year = {1970}
}

@article{Jung:2005,
   author = {Jung, S. W. and Na, K. S. and Kim, J. H.},
   title = {Dynamic Stability of Liquid-Filled Projectiles Under a Thrust},
   journal = {Journal of Sound and Vibration},
   volume = {280},
   number = {3-5},
   pages = {611-631},
   ISSN = {0022460X},
   DOI = {10.1016/j.jsv.2003.12.016},
   year = {2005}
}

@article{Keulegan:1958,
   author = {Keulegan, Garbis H. and Carpenter, Lloyd H.},
   title = {Forces on Cylinders and Plates in an Oscillating Fluid},
   journal = {Journal of Research of the National Bureau of Standards },
   volume = {60},
   number = {5},
   pages = {423-440},
   year = {1958}
}

@inproceedings{Larsen:2008,
   author = {Larsen, Curtis E.},
   title = {NASA Experience with POGO in Human Spaceflight Vehicles},
   booktitle = {NATO RTO Symposium ATV-152 on Limit-Cycle Oscillations and Other Amplitude-Limited, Self-Excited Vibrations},
   address = {Norway},
   publisher = {National Aeronautics and Space Administration},
   year = {2008}
}

@inproceedings{Leadbetter:1965,
   author = {Leadbetter, Sumner A. and Raney, John P.},
   title = {Analytical and Experimental Studies of the Dynamics of Launch Vehicles},
   booktitle = {AUA Symposium on Structural Dynamics and Aeroelasticity},
   address = {Boston, Mass.},
   year = {1965}
}

@techreport{Lewis:1969,
   author = {Lewis, W.},
   title = {Simplified Analytical Model for Use in Design of Pump-Inlet Accumulators for the Prevention of Liquid-Rocket Longitudinal Oscillation(POGO)},
   institution = {Lewis Research Center},
   number = {NASA TN D-5394},
   year = {1969}
}

@techreport{Lock:1974,
   author = {Lock, M. H. and Rubin, S.},
   title = {Passive Suppression of Pogo on the Space Shuttle},
   institution = {The Aerospace Corporation},
   number = {NASA CR-132452},
   year = {1974}
}

@techreport{Lock:1974-2,
   author = {Lock, M. H. and Rubin, S.},
   title = {Active Suppression of Pogo on the Space Shuttle},
   institution = {The Aerospace Corporation},
   number = {NASA CR-134749},
   year = {1974}
}

@article{Macneal:1971,
   author = {MacNeal, Richard H.},
   title = {A Hybrid Method of Component Mode Synthesis},
   journal = {Computers \& Structures},
   volume = {1},
   number = {4},
   pages = {581-601},
   ISSN = {0045-7949},
   DOI = {http://dx.doi.org/10.1016/0045-7949(71)90031-9},
   year = {1971}
}

@article{Maleki:2008,
   author = {Maleki, Abbas and Ziyaeifar, Mansour},
   title = {Sloshing Damping in Cylindrical Liquid Storage Tanks with Baffles},
   journal = {Journal of Sound and Vibration},
   volume = {311},
   number = {1},
   pages = {372-385},
   ISSN = {0022-460X},
   year = {2008}
}

@article{Martel:1998,
   author = {Martel, Carlos and Nicolás, José A. and Vega, José M.},
   title = {Surface-Wave Damping in a Brimful Circular Cylinder},
   journal = {Journal of Fluid Mechanics},
   volume = {360},
   pages = {213-228},
   ISSN = {1469-7645},
   year = {1998}
}

@article{Mikishev:1961,
   author = {Mikishev, G. N. and Dorozhkin, N. Y.},
   title = {An Experimental investigation of Free Oscillations of a Liquid In Containers (in Russian)},
   journal = {Izvestiya Akademii Nauk SSSR,  Otdelenie Tekhnicheskikh Nauk, Mekhanika I Mashinostroenie},
   volume = {4},
   pages = {48-83},
   year = {1961}
}

@article{Miles:1958,
   author = {Miles, J. W.},
   title = {Ring Damping of Free Surface Oscillations in a Circular Tank},
   journal = {Journal of Applied Mechanics},
   volume = {25},
   number = {2},
   pages = {274-276},
   year = {1958}
}

@book{Morand:1995,
   author = {Morand, H. and Ohayon, R.},
   title = {Fluid-Structure Interaction},
   publisher = {Wiley-Blackwell},
   address = {New York},
   ISBN = {978-0471944591},
   year = {1995}
}

@book{Munson:1990,
   author = {Munson, Bruce Roy and Young, Donald F. and Okiishi, Theodore Hisao},
   title = {Fundamentals of Fluid Mechanics},
   publisher = {John Wiley \& Sons, Inc},
   address = {New York},
   edition = {4},
   ISBN = {0-471-44250-X},
   year = {1990}
}

@article{Nichkawde:2004,
   author = {Nichkawde, Chetan and Harish, P. M. and Ananthkrishnan, N.},
   title = {Stability Analysis of A Multibody System Model For Coupled Slosh–Vehicle Dynamics},
   journal = {Journal of Sound and Vibration},
   volume = {275},
   number = {3-5},
   pages = {1069-1083},
   ISSN = {0022460X},
   DOI = {10.1016/j.jsv.2003.07.009},
   year = {2004}
}

@inproceedings{Norquist:1969,
   author = {Norquist, L. W. S. and Marcus, J. P. and Ruscio, D. A.},
   title = {Development of Close-Coupled Accumulators for Suppressing Missile Longitudinal Oscillations (POGO)},
   booktitle = {AIAA 5th Propulsion Joint Specialist Conference},
   address = {Colorado},
   publisher = {American Institute of Aeronautics and Astronautics},
   year = {1969}
}

@book{Ogata:2009,
   author = {Ogata, K.},
   title = {Modern Control Engineering},
   publisher = {Prentice Hall},
   address = {New York},
   edition = {5},
   ISBN = {9780136156734},
   year = {2009}
}

@article{Ohayon:2004,
   author = {Ohayon, Roger},
   title = {Reduced Models For Fluid–Structure Interaction Problems},
   journal = {International Journal for Numerical Methods in Engineering},
   volume = {60},
   number = {1},
   pages = {139-152},
   ISSN = {1097-0207},
   DOI = {10.1002/nme.957 },
   year = {2004}
}

@article{Ohayon:1995,
   author = {Ohayon, R. and Morand, H.},
   title = {Mechanical and Numerical Modelling of Fluid-Structure Vibration Instabilities of Liquid Propelled Launch Vehicle},
   journal = {Chaos, Solitons \& Fractals},
   volume = {5},
   number = {9},
   pages = {1705-1724},
   ISSN = {0960-0779},
   DOI = {http://dx.doi.org/10.1016/0960-0779(94)00172-M},
   year = {1995}
}

@article{Oppenheim:1993,
   author = {Oppenheim, Bohdan W. and Rubin, Sheldon},
   title = {Advanced Pogo Stability Analysis For Liquid Rockets},
   journal = {Journal of Spacecraft and Rockets},
   volume = {30},
   number = {3},
   pages = {360-373},
   year = {1993}
}

@article{Osherov:1996,
   author = {Osherov, A. and Natan, B. and Gany, A.},
   title = {Analytical Modeling of The Gas Generator Frequency Response in Hybrid Rocket Boosters},
   journal = {Acta Astronautica},
   volume = {39},
   number = {8},
   pages = {589-598},
   ISSN = {0094-5765},
   DOI = {http://dx.doi.org/10.1016/S0094-5765(97)00007-6},
   year = {1996}
}

@article{Paidoussis:1993,
   author = {Païdoussis, M. P. and Li, G. X.},
   title = {Pipes Conveying Fluid: A Model Dynamical Problem},
   journal = {Journal of Fluids and Structures},
   volume = {7},
   number = {2},
   pages = {137-204},
   year = {1993}
}

@techreport{Pinson:1964,
   author = {Pinson, L. D.},
   title = {Longitudinal Spring Constants for Liquid- Propellant Tanks with Ellipsoidal Ends},
   institution = {Langley Research Center},
   number = {NASA TN D-2220},
   year = {1964}
}

@inbook{Rasumoff:1973,
   author = {Rasumoff, Abner and Winje, Robert A.},
   title = {The Pogo Phenomenon: Its Causes and Cure},
   booktitle = {Astronautical Research 1971},
   publisher = {Springer},
   address = {Netherlands},
   chapter = {21},
   pages = {307-322},
   ISBN = {978-94-010-2561-4},
   DOI = {10.1007/978-94-010-2559-1_21},
   url = {http://dx.doi.org/10.1007/978-94-010-2559-1_21},
   year = {1973}
}

@inproceedings{Rich:1969,
   author = {Rich, Roy L.},
   title = {Saturn V POGO and a Solution},
   booktitle = {AIAA Structural Dynamics and Aeroelasticity Specialist Conference},
   address = {New Orleans, Louisiana},
   year = {1969}
}

@article{Rozenblum:1985,
   author = {Rozenblum, G.},
   title = {Modal Synthesis: Generalization of Macneal's Method. Theoretical Basis},
   journal = {Computer Methods in Applied Mechanics and Engineering},
   volume = {48},
   number = {2},
   pages = {139-154},
   year = {1985}
}

@techreport{Rubin:1965,
   author = {Rubin, C. P. and Wang, T. T.},
   title = {Improved Analytic Longitudinal Response Analysis for Axisymmetric Launch Vehicles. Volume 2: Computer Program Description},
   institution = {TRW Space Technology Labs},
   number = {NASA CR-346},
   month = {Dec},
   year = {1965}
}

@article{Rubin:1966,
   author = {Rubin, S.},
   title = {Longitudinal Instability of Liquid Rockets Due to Propulsion Feedback (POGO)},
   journal = {Journal of Spacecraft and Rockets},
   volume = {3},
   number = {8},
   pages = {1188-1195},
   ISSN = {0022-4650},
   DOI = {10.2514/3.28626},
   year = {1966}
}

@techreport{Rubin:1970,
   author = {Rubin, S.},
   title = {Prevention of Coupled Structure-Propulsion Instability (POGO)},
   institution = {National Aeronautics and Space Administration},
   number = {NASA SP-8055},
   year = {1970}
}

@techreport{Rubin:1973,
   author = {Rubin, S. and Wagner, W. G. and Payne, J. G.},
   title = {POGO Suppression on Space Shuttle - Early Studies},
   institution = {The Aerospace Corporation},
   number = {NASA CR-2210},
   year = {1973}
}

@techreport{Stephens:1962,
   author = {Stephens, D. G. and Leonard, H. W. and Perry, T. W.},
   title = {Investigation of The Damping of Liquids in Right-Circular Cylindrical Tanks, Including The Effects of a Time-Variant Liquid Depth},
   institution = {National Aeronautics and Space Administration},
   number = {NASA TN D-1367},
   year = {1962}
}

@techreport{Stricklin:1966,
   author = {Stricklin, G. P. and Baird, J. A.},
   title = {A Survey of Ring Baffle Damping in Circular–Cylindrical Tanks},
   institution = {Brown Engineering Company, Inc.},
   number = {Technical Note R-185},
   month = {April},
   year = {1966}
}

@book{Strutz:2011,
   author = {Strutz, Tilo},
   title = {Data Fitting and Uncertainty: A Practical Introduction to Weighted Least Squares and Beyond},
   publisher = {Vieweg \& Teubner Verlag},
   address = {Heidelberg},
   pages = {244},
   ISBN = {978-3834810229},
   year = {2011}
}

@article{Suarez:1992,
   author = {Suarez, L. E. and Singh, M. P.},
   title = {Improved Fixed Interface Method For Modal Synthesis},
   journal = {AIAA journal},
   volume = {30},
   number = {12},
   pages = {2952-2958},
   ISSN = {0001-1452},
   year = {1992}
}

@inproceedings{Swanson:2009,
   author = {Swanson, Luke A. and Giel, Thomas V.},
   title = {Design Analysis of the Ares I Pogo Accumulator},
   booktitle = {45th AIAA/ASME/SAE/ASEE Joint Propulsion Conference \& Exhibit},
   address = {Denver, CO},
   publisher = {American Institute of Aeronautics and Astronautics},
   pages = {12},
   year = {2009}
}

@article{Tijsseling:1996,
   author = {Tijsseling, A. S.},
   title = {Fluid-Structure Interaction in Liquid-Filled Pipe Systems: A Review},
   journal = {Journal of Fluids and Structures},
   volume = {10},
   number = {2},
   pages = {109-146},
   year = {1996}
}

@techreport{Vaage:1972,
   author = {Vaage, R. D. and Fidler, L. E.  and Zehnle, R. A. },
   title = {Investigation of Characteristics of Feed System Instabilities},
   institution = {Martin Marietta Corp.},
   number = {MCR-72-107},
   year = {1972}
}

@techreport{Wagner:1970,
   author = {Wagner, R. G. and Rubin, S.},
   title = {Detection of Titan Pogo Characteristics by Analysis of Random Data},
   institution = {The Aerospace Corporation},
   number = {F04701-69-C-0066},
   year = {1970}
}

@techreport{Walker:1964,
   author = {Walker, J. H. and Winje, R. A. and McKenna, K. J.},
   title = {An Investigation of Low Frequency Longitudinal Vibration of The Titan Ii Missile During Stage I Flight},
   institution = {TRW Space Technology Laboratories Reports},
   number = {6438-6001},
   month = {March},
   year = {1964}
}

@techreport{Wood:1961,
   author = {Wood, John D.},
   title = {Survey on Missile Structural Dynamics},
   institution = {TRW Space Technology Labs},
   number = {STL-7102-0041-NU-000},
   month = {June, 1},
   year = {1961}
}

@inproceedings{Zeng:2006,
   author = {Zeng, Robert X. and Sinsky, Jeffery H.},
   title = {Modified Rational Function Modeling Technique For High Speed Circuits},
   booktitle = {Microwave Symposium Digest, 2006. IEEE MTT-S International},
   address = {San Francisco, CA},
   publisher = {IEEE},
   pages = {1951-1954},
   ISBN = {0780395417},
   DOI = {10.1109/MWSYM.2006.249816},
   year = {2006}
}

@article{Zhao:2011,
   author = {Zhao, Z. and Ren, G. and Yu, Z. and Tang, B. and Zhang, Q.},
   title = {Parameter Study on POGO Stability of Liquid Rockets},
   journal = {Journal of Spacecraft and Rockets},
   volume = {48},
   number = {3},
   pages = {537-541},
   year = {2011}
}

@article{YanHai:2009,
   lang = {zh},
   author = {严海 and 方勃 and 黄文虎},
   title = {液体火箭的POGO振动研究与参数分析},
   journal = {导弹与航天运载技术},
   volume = {1},
   number = {06},
   pages = {35-40},
   ISSN = {1004-7182},
   year = {2009}
}

@article{RenHui:2006,
   lang = {zh},
   author = {任辉 and 任革学 and 荣克林 and 马道远 and 张建华},
   title = {液体火箭Pogo振动蓄压器非线性仿真研究},
   journal = {强度与环境},
   volume = {33},
   number = {03},
   pages = {1-6},
   ISSN = {1006-3919},
   year = {2006}
}

@book{Feng-Zhenxing:1981,
   lang = {zh},
   author = {冯振兴},
   title = {POGO 振动的飞行遥测数据汇编},
   publisher = {强度与环境},
   address = {北京},
   series = {飞行器的 POGO(纵向耦合)振动专题集：上册},
   year = {1981}
}

@article{Liu-Xiaojian:1994,
   lang = {zh},
   author = {刘晓俭},
   title = {基于Newmark积分格式的单步预测－校正算法的无条件稳定性},
   journal = {计算结构力学及其应用},
   volume = {11},
   number = {03},
   pages = {294-300},
   ISSN = {10003401},
   year = {1994}
}

@article{Liu-Huanzhong:2005,
   lang = {zh},
   author = {刘焕忠 and 李青 and 庄茁 and S.Yamaguchi and M.Toyoda},
   title = {发展附加质量模型应用于储液罐的动力分析},
   journal = {工程力学},
   volume = {22},
   number = {S1},
   pages = {161-171},
   ISSN = {1000-4750},
   year = {2005}
}

@article{Si-Tubin:2006,
   lang = {zh},
   author = {司徒斌 and 高普云},
   title = {低温运载火箭POGO抑制系统研究},
   journal = {低温工程},
   volume = {1},
   number = {02},
   pages = {58-64},
   ISSN = {1000-6516},
   year = {2006}
}

@article{Zhou-Sida:2010,
   lang = {zh},
   author = {周思达 and 刘莉},
   title = {运载火箭贮箱流固耦合分析方法综述},
   journal = {强度与环境},
   volume = {37},
   number = {03},
   pages = {52-63},
   ISSN = {1006-3919},
   year = {2010}
}

@article{SunBing:2009,
   lang = {zh},
   author = {孙冰 and 魏鑫 and 池元成 and 方杰 and 王楠},
   title = {液体运载火箭推进系统固有频率的通用化计算研究},
   journal = {导弹与航天运载技术},
   volume = {1},
   number = {01},
   pages = {38-40+55},
   ISSN = {1004-7182},
   year = {2009}
}

@article{Liao-Shaoying:2002,
   lang = {zh},
   author = {廖少英},
   title = {POGO蓄压器变频降幅特性分析},
   journal = {上海航天},
   volume = {1},
   number = {01},
   pages = {32-35},
   ISSN = {1006-1630},
   year = {2002}
}

@article{Zhang-Yimin:2003,
   lang = {zh},
   author = {张义民 and 刘巧玲 and 闻邦椿},
   title = {一般实矩阵特征值问题的多维灵敏度分析},
   journal = {应用力学学报},
   volume = {20},
   number = {01},
   pages = {107-109+167},
   ISSN = {1000-4939},
   year = {2003}
}

@article{Zhang-Jianhua:2006,
   lang = {zh},
   author = {张建华 and 王其政 and 马道远},
   title = {液体火箭POGO抑制设计技术的进展及主要问题},
   journal = {载人航天},
   volume = {1},
   number = {5},
   pages = {35-38},
   year = {2006}
}

@article{Xu-Deyuan:2014,
   lang = {zh},
   author = {徐得元 and 郝雨 and 杨琼梁 and 刘锦凡 and 柳征勇 and 唐国安},
   title = {液体火箭纵向耦合振动特性的快速求解方法},
   journal = {宇航学报},
   volume = {35},
   number = {1},
   pages = {21-27},
   year = {2014}
}

@article{LiShuang:2011,
   lang = {zh},
   author = {李爽 and 翟长海 and 刘洪波 and 谢礼立},
   title = {Newmark积分方法在负刚度时的数值稳定性分析},
   journal = {哈尔滨工业大学学报},
   volume = {43},
   number = {08},
   pages = {1-5},
   ISSN = {0367-6234},
   year = {2011}
}

@article{YangMing:2010,
   lang = {zh},
   author = {杨明 and 杨智春 and 史淑娟},
   title = {液体火箭POGO振动时域分析方法研究},
   journal = {强度与环境},
   volume = {37},
   number = {02},
   pages = {29-36},
   ISSN = {1006-3919},
   year = {2010}
}

@article{YangWei:2009,
   lang = {zh},
   author = {杨魏 and 吴玉林 and 刘树红},
   title = {圆柱箱体中液体晃动阻尼的数值研究},
   journal = {工程热物理学报},
   volume = {30},
   number = {2},
   pages = {220-222},
   ISSN = {0253-231X},
   DOI = {10.3321/j.issn:0253-231X.2009.02.011},
   year = {2009}
}

@article{LinHong:2011,
   lang = {zh},
   author = {林宏 and 罗恒 and 潘忠文 and 王旭 and 朱礼文},
   title = {运载火箭动特性有限元模型修正技术研究},
   journal = {载人航天},
   volume = {1},
   number = {06},
   pages = {30-34+39},
   ISSN = {1674-5825},
   year = {2011}
}

@article{TangBo:2009,
   lang = {zh},
   author = {汤波 and 于子文 and 张青松},
   title = {利用稳定性相图进行的POGO抑制设计},
   journal = {强度与环境},
   volume = {36},
   number = {01},
   pages = {32-38},
   ISSN = {1006-3919},
   year = {2009}
}

@article{WangYue:1985,
   lang = {zh},
   author = {汪钺},
   title = {“POGO”动力试验中恰当传递函数分析},
   journal = {推进技术},
   volume = {1},
   number = {06},
   pages = {1-10},
   year = {1985}
}

@article{Pan-Zhongwen:2010,
   lang = {zh},
   author = {潘忠文 and 邢誉峰 and 朱礼文 and 董锴 and 孙目},
   title = {运载火箭动力学建模中液体推进剂模拟技术},
   journal = {中国科学:技术科学},
   volume = {40},
   number = {08},
   pages = {920-928},
   ISSN = {1674-7259},
   year = {2010}
}

@article{Niu-Zexiong:2012,
   lang = {zh},
   author = {牛泽雄 and 董朝阳 and 黄喜元},
   title = {POGO振动研究的一种新建模方法},
   journal = {强度与环境},
   volume = {39},
   number = {05},
   pages = {28-33},
   ISSN = {1006-3919},
   year = {2012}
}

@article{WangWei:2005,
   lang = {zh},
   author = {王为 and 李俊峰 and 王天舒},
   title = {航天器贮箱内液体晃动阻尼研究(一):理论分析},
   journal = {宇航学报},
   volume = {26},
   number = {6},
   pages = {687-692},
   ISSN = {1000-1328},
   DOI = {10.3321/j.issn:1000-1328.2005.06.003},
   year = {2005}
}

@article{WangWei:2006,
   lang = {zh},
   author = {王为 and 李俊峰 and 王天舒},
   title = {航天器贮箱内液体晃动阻尼研究(二):数值计算},
   journal = {宇航学报},
   volume = {27},
   number = {2},
   pages = {177-180},
   ISSN = {1000-1328},
   DOI = {10.3321/j.issn:1000-1328.2006.02.006},
   year = {2006}
}

@book{Wang-Qizheng:1999,
   lang = {zh},
   author = {王其政},
   title = {结构耦合动力学},
   publisher = {宇航出版社},
   address = {北京},
   ISBN = {7-80144-102-8},
   year = {1999}
}

@article{Wang-Qizheng:2006,
   lang = {zh},
   author = {王其政 and 张建华 and 马道远},
   title = {捆绑液体火箭跷振(POGO)稳定性分析},
   journal = {强度与环境},
   volume = {33},
   number = {02},
   pages = {6-11},
   ISSN = {1006-3919},
   year = {2006}
}

@article{Wang-Qizheng:1983,
   lang = {zh},
   author = {王其政 and 高万镛 and 顾永春 and 张继桐 and 李宪珊},
   title = {跷振(POGO)稳定性算法与估计},
   journal = {强度与环境},
   volume = {1},
   number = {03},
   pages = {11-21},
   ISSN = {1006-3919},
   year = {1983}
}

@article{Wang-Qizheng:1986,
   lang = {zh},
   author = {王其政 and 高万镛 and 顾永春 and 张继桐 and 李宪珊},
   title = {跷振(POGO)稳定性可靠性算法与参数分析},
   journal = {宇航学报},
   volume = {1},
   number = {02},
   pages = {29-47},
   ISSN = {1000-1328},
   year = {1986}
}

@article{Wang-Jianmin:2009,
   lang = {zh},
   author = {王建民 and 荣克林 and 冯颖川 and 林红 and 李双},
   title = {捆绑火箭全箭动力学特性研究},
   journal = {宇航学报},
   volume = {30},
   number = {03},
   pages = {821-826},
   ISSN = {1000-1328},
   year = {2009}
}

@article{WangYi:2000,
   lang = {zh},
   author = {王毅 and 朱礼文 and 王明宇 and 黄冬梅 and 潘忠文 and 谭志勇 and 黄卫瑜 and 吴素春 and 王建民 and 贾文成},
   title = {大型运载火箭动力学关键技术及其进展综述},
   journal = {导弹与航天运载技术},
   volume = {1},
   number = {1},
   pages = {29-37},
   ISSN = {1004-7182},
   DOI = {10.3969/j.issn.1004-7182.2000.01.008},
   year = {2000}
}

@article{WangJun:2012,
   lang = {zh},
   author = {王珺 and 胡鹏 and 颜勇},
   title = {液体火箭发动机泵的POGO气蚀动特性试验研究},
   journal = {火箭推进},
   volume = {38},
   number = {04},
   pages = {26-31},
   ISSN = {1672-9374},
   year = {2012}
}

@article{Rong-Kelin:2011,
   lang = {zh},
   author = {荣克林 and 张建华 and 马道远 and 王建民 and 王梦魁},
   title = {CZ-2F火箭POGO问题研究},
   journal = {载人航天},
   volume = {1},
   number = {04},
   pages = {8-18},
   ISSN = {1674-5825},
   year = {2011}
}

@article{Ge-Guohua:1981,
   lang = {zh},
   author = {葛国华},
   title = {液体火箭发动机POGO数学模型的探讨},
   journal = {国外导弹技术},
   volume = {1},
   number = {06},
   pages = {7-15},
   ISSN = {1004-7182},
   year = {1981}
}

@article{Qiu-Jibao:2012,
   lang = {zh},
   author = {邱吉宝 and 张正平 and 李海波},
   title = {航天器与运载火箭耦合分析相关技术研究进展},
   journal = {力学进展},
   volume = {42},
   number = {04},
   pages = {416-436},
   ISSN = {1000-0992},
   year = {2012}
}

@article{Jin-Aiguo:2005,
   lang = {zh},
   author = {靳爱国},
   title = {蓄压器对发动机试车液路固有频率影响分析},
   journal = {火箭推进},
   volume = {31},
   number = {05},
   pages = {15-18+54},
   ISSN = {1672-9374},
   year = {2005}
}

@article{Ma-Daoyuan:2010,
   lang = {zh},
   author = {马道远 and 王其政 and 荣克林},
   title = {液体捆绑火箭POGO稳定性分析的闭环传递函数法},
   journal = {强度与环境},
   volume = {37},
   number = {01},
   pages = {1-7},
   ISSN = {1006-3919},
   year = {2010}
}

@article{WeiXin:2010,
   lang = {zh},
   author = {魏鑫 and 孙冰 and 于子文 and 汤波 and 张青松},
   title = {火箭推进系统充液管路的流固耦合动响应分析},
   journal = {航空动力学报},
   volume = {25},
   number = {04},
   pages = {852-856},
   ISSN = {1000-8055},
   year = {2010}
}

@article{Huang-Huaide:1980,
   lang = {zh},
   author = {黄怀德},
   title = {防POGO振动},
   journal = {国外导弹与宇航},
   volume = {1},
   number = {06},
   pages = {1-10},
   year = {1980}
}

@article{Huang-Huaide:1987,
   lang = {zh},
   author = {黄怀德},
   title = {液体火箭的POGO振动研究},
   journal = {振动工程学报},
   volume = {1},
   number = {01},
   pages = {5-13},
   ISSN = {1004-4523},
   year = {1987}
}

