% Encoding: UTF-8

@Book{lshort-zh-cn,
  title   = {lshort-zh-cn},
  year    = {2017},
  author  = {zpxing and Frogge and liwenjun and lijian605 and gprsnl},
  journal = {ChinaTEX},
}

@Book{CTEX,
  title  = {CTEX 宏集手册},
  year   = {2018},
  author = {吴凌云 and 江疆 and 王越 and 刘海洋 and 李延瑞 and 陈之初 and 李清 and 黄晨成},
}

@Article{XMU,
	title  = {厦门大学博士学位模板},
	year   = {2016},
	author = {余钰炜},
}

@article{刘海洋2013latex,
	title={LATEX 入门},
	author={刘海洋},
	journal={电子工业出版社, 北京},
	year={2013}
}

%@Comment{jabref-meta: databaseType:bibtex;}
