@Book{UFP,
title = {Analysis, design and implementation of highly-available architectures for supporting modern web applications},
%publisher = {UPF},
year = {2018},
url = {alexboboc.com/fp}
}

@Book{IBTN,
title = {Internet By The Numbers, an in-depth study of the society-wide impact of the internet},
%publisher = {Unpublished},
year = {2014},
url = {alexboboc.com/ibtn}
}