% This file was created with JabRef 2.6.
% Encoding: UTF-8

@BOOK{chapra:2002:numerics,
  title = {Numerical Methods for Engineers},
  publisher = {McGraw-Hill},
  year = {2002},
  author = {Steven C. Chapra and Raymond P. Canale},
  edition = {Fourth},
  owner = {Derek Dalle},
  review = {Very good introductory to many numerical topics. Definitely directed
	toward engineers.},
  timestamp = {2008.05.05}
}

@comment{jabref-meta: selector_publisher:}

@comment{jabref-meta: selector_author:}

@comment{jabref-meta: selector_journal:}

@comment{jabref-meta: selector_keywords:}

