@inproceedings{DBLP:conf/webi/GuoWWT15,
  author    = {Weiyu Guo and
               Shu Wu and
               Liang Wang and
               Tieniu Tan},
  title     = {Adaptive Pairwise Learning for Personalized Ranking with Content and
               Implicit Feedback},
  booktitle = {{IEEE/WIC/ACM} International Conference on Web Intelligence and Intelligent
               Agent Technology, {WI-IAT} 2015, Singapore, December 6-9, 2015 - Volume
               {I}},
  pages     = {369--376},
  year      = {2015},
  url       = {http://dx.doi.org/10.1109/WI-IAT.2015.36},
  doi       = {10.1109/WI-IAT.2015.36},
  timestamp = {Tue, 09 Feb 2016 12:46:38 +0100},
  biburl    = {http://dblp.uni-trier.de/rec/bib/conf/webi/GuoWWT15},
  bibsource = {dblp computer science bibliography, http://dblp.org}
}

@inproceedings{DBLP:conf/cscw/ResnickISBR94,
  author    = {Paul Resnick and
               Neophytos Iacovou and
               Mitesh Suchak and
               Peter Bergstrom and
               John Riedl},
  title     = {GroupLens: An Open Architecture for Collaborative Filtering of Netnews},
  booktitle = {{CSCW} '94, Proceedings of the Conference on Computer Supported Cooperative
               Work, Chapel Hill, NC, USA, October 22-26, 1994},
  pages     = {175--186},
  year      = {1994},
  url       = {http://doi.acm.org/10.1145/192844.192905},
  doi       = {10.1145/192844.192905},
  timestamp = {Mon, 27 Aug 2012 13:54:49 +0200},
  biburl    = {http://dblp.uni-trier.de/rec/bib/conf/cscw/ResnickISBR94},
  bibsource = {dblp computer science bibliography, http://dblp.org}
}

@article{DBLP:journals/isci/KardanE13,
  author    = {Ahmad A. Kardan and
               Mahnaz Ebrahimi},
  title     = {A novel approach to hybrid recommendation systems based on association
               rules mining for content recommendation in asynchronous discussion
               groups},
  journal   = {Inf. Sci.},
  volume    = {219},
  pages     = {93--110},
  year      = {2013},
  url       = {http://dx.doi.org/10.1016/j.ins.2012.07.011},
  doi       = {10.1016/j.ins.2012.07.011},
  timestamp = {Wed, 24 Oct 2012 18:07:40 +0200},
  biburl    = {http://dblp.uni-trier.de/rec/bib/journals/isci/KardanE13},
  bibsource = {dblp computer science bibliography, http://dblp.org}
}

@inproceedings{DBLP:conf/icic/LeePP07,
  author    = {Tong{-}Queue Lee and
               Young Park and
               Yong{-}Tae Park},
  title     = {A Similarity Measure for Collaborative Filtering with Implicit Feedback},
  booktitle = {Advanced Intelligent Computing Theories and Applications. With Aspects
               of Artificial Intelligence, Third International Conference on Intelligent
               Computing, {ICIC} 2007, Qingdao, China, August 21-24, 2007, Proceedings},
  pages     = {385--397},
  year      = {2007},
  url       = {http://dx.doi.org/10.1007/978-3-540-74205-0_43},
  doi       = {10.1007/978-3-540-74205-0_43},
  timestamp = {Tue, 14 Aug 2007 19:35:50 +0200},
  biburl    = {http://dblp.uni-trier.de/rec/bib/conf/icic/LeePP07},
  bibsource = {dblp computer science bibliography, http://dblp.org}
}

@article{DBLP:journals/eswa/ZhengL11,
  author    = {Nan Zheng and
               Qiudan Li},
  title     = {A recommender system based on tag and time information for social
               tagging systems},
  journal   = {Expert Syst. Appl.},
  volume    = {38},
  number    = {4},
  pages     = {4575--4587},
  year      = {2011},
  url       = {http://dx.doi.org/10.1016/j.eswa.2010.09.131},
  doi       = {10.1016/j.eswa.2010.09.131},
  timestamp = {Fri, 07 Jan 2011 14:51:36 +0100},
  biburl    = {http://dblp.uni-trier.de/rec/bib/journals/eswa/ZhengL11},
  bibsource = {dblp computer science bibliography, http://dblp.org}
}

@article{DBLP:journals/ecra/ChoiYKS12,
  author    = {Keunho Choi and
               Donghee Yoo and
               Gunwoo Kim and
               Yongmoo Suh},
  title     = {A hybrid online-product recommendation system: Combining implicit
               rating-based collaborative filtering and sequential pattern analysis},
  journal   = {Electronic Commerce Research and Applications},
  volume    = {11},
  number    = {4},
  pages     = {309--317},
  year      = {2012},
  url       = {http://dx.doi.org/10.1016/j.elerap.2012.02.004},
  doi       = {10.1016/j.elerap.2012.02.004},
  timestamp = {Wed, 19 Sep 2012 13:09:32 +0200},
  biburl    = {http://dblp.uni-trier.de/rec/bib/journals/ecra/ChoiYKS12},
  bibsource = {dblp computer science bibliography, http://dblp.org}
}

@article{DBLP:journals/eswa/AcilarA09,
  author    = {Ayse Merve Acilar and
               Ahmet Arslan},
  title     = {A collaborative filtering method based on artificial immune network},
  journal   = {Expert Syst. Appl.},
  volume    = {36},
  number    = {4},
  pages     = {8324--8332},
  year      = {2009},
  url       = {http://dx.doi.org/10.1016/j.eswa.2008.10.029},
  doi       = {10.1016/j.eswa.2008.10.029},
  timestamp = {Fri, 09 Oct 2009 09:39:03 +0200},
  biburl    = {http://dblp.uni-trier.de/rec/bib/journals/eswa/AcilarA09},
  bibsource = {dblp computer science bibliography, http://dblp.org}
}

@article{kim2011recommender,
  title={Recommender system based on click stream data using association rule mining},
  author={Kim, Yong Soo and Yum, Bong-Jin},
  journal={Expert Systems with Applications},
  volume={38},
  number={10},
  pages={13320--13327},
  year={2011},
  publisher={Elsevier}
}

@inproceedings{DBLP:conf/icdm/HuKV08,
  author    = {Yifan Hu and
               Yehuda Koren and
               Chris Volinsky},
  title     = {Collaborative Filtering for Implicit Feedback Datasets},
  booktitle = {Proceedings of the 8th {IEEE} International Conference on Data Mining
               {(ICDM} 2008), December 15-19, 2008, Pisa, Italy},
  pages     = {263--272},
  year      = {2008},
  url       = {http://dx.doi.org/10.1109/ICDM.2008.22},
  doi       = {10.1109/ICDM.2008.22},
  timestamp = {Wed, 17 Sep 2014 19:35:05 +0200},
  biburl    = {http://dblp.uni-trier.de/rec/bib/conf/icdm/HuKV08},
  bibsource = {dblp computer science bibliography, http://dblp.org}
}

@article{DBLP:journals/eswa/AlbadviS09,
  author    = {Amir Albadvi and
               Mohammad Shahbazi},
  title     = {A hybrid recommendation technique based on product category attributes},
  journal   = {Expert Syst. Appl.},
  volume    = {36},
  number    = {9},
  pages     = {11480--11488},
  year      = {2009},
  url       = {http://dx.doi.org/10.1016/j.eswa.2009.03.046},
  doi       = {10.1016/j.eswa.2009.03.046},
  timestamp = {Thu, 10 Sep 2009 13:19:38 +0200},
  biburl    = {http://dblp.uni-trier.de/rec/bib/journals/eswa/AlbadviS09},
  bibsource = {dblp computer science bibliography, http://dblp.org}
}

@article{rafeh2012adaptive,
  title={An adaptive approach to dealing with unstable behaviour of users in collaborative filtering systems},
  author={Rafeh, Reza and Bahrehmand, Arash},
  journal={Journal of Information Science},
  volume={38},
  number={3},
  pages={205--221},
  year={2012},
  publisher={Sage Publications}
}

@article{lee2010collaborative,
  title={Collaborative filtering with ordinal scale-based implicit ratings for mobile music recommendations},
  author={Lee, Seok Kee and Cho, Yoon Ho and Kim, Soung Hie},
  journal={Information Sciences},
  volume={180},
  number={11},
  pages={2142--2155},
  year={2010},
  publisher={Elsevier}
}

@inproceedings{hu2008collaborative,
  title={Collaborative filtering for implicit feedback datasets},
  author={Hu, Yifan and Koren, Yehuda and Volinsky, Chris},
  booktitle={Data Mining, 2008. ICDM'08. Eighth IEEE International Conference on},
  pages={263--272},
  year={2008},
  organization={Ieee}
}

@inproceedings{rendle2009bpr,
  title={BPR: Bayesian personalized ranking from implicit feedback},
  author={Rendle, Steffen and Freudenthaler, Christoph and Gantner, Zeno and Schmidt-Thieme, Lars},
  booktitle={Proceedings of the twenty-fifth conference on uncertainty in artificial intelligence},
  pages={452--461},
  year={2009},
  organization={AUAI Press}
}

@inproceedings{gantner2010learning,
  title={Learning attribute-to-feature mappings for cold-start recommendations},
  author={Gantner, Zeno and Drumond, Lucas and Freudenthaler, Christoph and Rendle, Steffen and Schmidt-Thieme, Lars},
  booktitle={Data Mining (ICDM), 2010 IEEE 10th International Conference on},
  pages={176--185},
  year={2010},
  organization={IEEE}
}

@article{rendle2012factorization,
  title={Factorization machines with libFM},
  author={Rendle, Steffen},
  journal={ACM Transactions on Intelligent Systems and Technology (TIST)},
  volume={3},
  number={3},
  pages={57},
  year={2012},
  publisher={ACM}
}

@inproceedings{hong2013co,
  title={Co-factorization machines: modeling user interests and predicting individual decisions in twitter},
  author={Hong, Liangjie and Doumith, Aziz S and Davison, Brian D},
  booktitle={Proceedings of the sixth ACM international conference on Web search and data mining},
  pages={557--566},
  year={2013},
  organization={ACM}
}

@inproceedings{ma2011recommender,
  title={Recommender systems with social regularization},
  author={Ma, Hao and Zhou, Dengyong and Liu, Chao and Lyu, Michael R and King, Irwin},
  booktitle={Proceedings of the fourth ACM international conference on Web search and data mining},
  pages={287--296},
  year={2011},
  organization={ACM}
}

@inproceedings{yu2013recommendation,
  title={Recommendation in heterogeneous information networks with implicit user feedback},
  author={Yu, Xiao and Ren, Xiang and Sun, Yizhou and Sturt, Bradley and Khandelwal, Urvashi and Gu, Quanquan and Norick, Brandon and Han, Jiawei},
  booktitle={Proceedings of the 7th ACM conference on Recommender systems},
  pages={347--350},
  year={2013},
  organization={ACM}
}

@inproceedings{zhong2014adaptive,
  title={Adaptive pairwise preference learning for collaborative recommendation with implicit feedbacks},
  author={Zhong, Hao and Pan, Weike and Xu, Congfu and Yin, Zhi and Ming, Zhong},
  booktitle={Proceedings of the 23rd ACM International Conference on Conference on Information and Knowledge Management},
  pages={1999--2002},
  year={2014},
  organization={ACM}
}

@article{girase2015role,
  title={Role of Matrix Factorization Model in Collaborative Filtering Algorithm: A Survey},
  author={Girase, Sheetal and Mukhopadhyay, Debajyoti and others},
  journal={arXiv preprint arXiv:1503.07475},
  year={2015}
}

@inproceedings{li2010improving,
  title={Improving one-class collaborative filtering by incorporating rich user information},
  author={Li, Yanen and Hu, Jia and Zhai, ChengXiang and Chen, Ye},
  booktitle={Proceedings of the 19th ACM international conference on Information and knowledge management},
  pages={959--968},
  year={2010},
  organization={ACM}
}

@inproceedings{gemulla2011large,
  title={Large-scale matrix factorization with distributed stochastic gradient descent},
  author={Gemulla, Rainer and Nijkamp, Erik and Haas, Peter J and Sismanis, Yannis},
  booktitle={Proceedings of the 17th ACM SIGKDD international conference on Knowledge discovery and data mining},
  pages={69--77},
  year={2011},
  organization={ACM}
}

@inproceedings{zhang2014temporal,
  title={Temporal qos-aware web service recommendation via non-negative tensor factorization},
  author={Zhang, Wancai and Sun, Hailong and Liu, Xudong and Guo, Xiaohui},
  booktitle={Proceedings of the 23rd international conference on World wide web},
  pages={585--596},
  year={2014},
  organization={ACM}
}

@inproceedings{pan2013gbpr,
  title={GBPR: Group Preference Based Bayesian Personalized Ranking for One-Class Collaborative Filtering.},
  author={Pan, Weike and Chen, Li},
  booktitle={IJCAI},
  volume={13},
  pages={2691--2697},
  year={2013}
}

@inproceedings{qiu2014item,
  title={Item group based pairwise preference learning for personalized ranking},
  author={Qiu, Shuang and Cheng, Jian and Yuan, Ting and Leng, Cong and Lu, Hanqing},
  booktitle={Proceedings of the 37th international ACM SIGIR conference on Research \& development in information retrieval},
  pages={1219--1222},
  year={2014},
  organization={ACM}
}

@inproceedings{rendle2014improving,
  title={Improving pairwise learning for item recommendation from implicit feedback},
  author={Rendle, Steffen and Freudenthaler, Christoph},
  booktitle={Proceedings of the 7th ACM international conference on Web search and data mining},
  pages={273--282},
  year={2014},
  organization={ACM}
}

@inproceedings{feldmann1997fitting,
  title={Fitting mixtures of exponentials to long-tail distributions to analyze network performance models},
  author={Feldmann, Anja and Whitt, Ward},
  booktitle={INFOCOM'97. Sixteenth Annual Joint Conference of the IEEE Computer and Communications Societies. Driving the Information Revolution., Proceedings IEEE},
  volume={3},
  pages={1096--1104},
  year={1997},
  organization={IEEE}
}

@inproceedings{wang2009pskip,
  title={PSkip: estimating relevance ranking quality from web search clickthrough data},
  author={Wang, Kuansan and Walker, Toby and Zheng, Zijian},
  booktitle={Proceedings of the 15th ACM SIGKDD international conference on Knowledge discovery and data mining},
  pages={1355--1364},
  year={2009},
  organization={ACM}
}

@article{adamic2002zipf,
  title={Zipf’s law and the Internet},
  author={Adamic, Lada A and Huberman, Bernardo A},
  journal={Glottometrics},
  volume={3},
  number={1},
  pages={143--150},
  year={2002}
}

@inproceedings{udupa2010improving,
  title={Improving the multilingual user experience of wikipedia using cross-language name search},
  author={Udupa, Raghavendra and Khapra, Mitesh},
  booktitle={Human Language Technologies: The 2010 Annual Conference of the North American Chapter of the Association for Computational Linguistics},
  pages={492--500},
  year={2010},
  organization={Association for Computational Linguistics}
}

@inproceedings{rasiwasia2010new,
  title={A new approach to cross-modal multimedia retrieval},
  author={Rasiwasia, Nikhil and Costa Pereira, Jose and Coviello, Emanuele and Doyle, Gabriel and Lanckriet, Gert RG and Levy, Roger and Vasconcelos, Nuno},
  booktitle={Proceedings of the 18th ACM international conference on Multimedia},
  pages={251--260},
  year={2010},
  organization={ACM}
}

@article{balabanovic1997fab,
  title={Fab: content-based, collaborative recommendation},
  author={Balabanovi{\'c}, Marko and Shoham, Yoav},
  journal={Communications of the ACM},
  volume={40},
  number={3},
  pages={66--72},
  year={1997},
  publisher={ACM}
}

@inproceedings{lang1995newsweeder,
  title={Newsweeder: Learning to filter netnews},
  author={Lang, Ken},
  booktitle={Proceedings of the 12th international conference on machine learning},
  pages={331--339},
  year={1995}
}

@inproceedings{mooney2000content,
  title={Content-based book recommending using learning for text categorization},
  author={Mooney, Raymond J and Roy, Loriene},
  booktitle={Proceedings of the fifth ACM conference on Digital libraries},
  pages={195--204},
  year={2000},
  organization={ACM}
}

@article{pazzani1997learning,
  title={Learning and revising user profiles: The identification of interesting web sites},
  author={Pazzani, Michael and Billsus, Daniel},
  journal={Machine learning},
  volume={27},
  number={3},
  pages={313--331},
  year={1997},
  publisher={Springer}
}

@article{li2009learning,
  title={Learning social tag relevance by neighbor voting},
  author={Li, Xirong and Snoek, Cees GM and Worring, Marcel},
  journal={Multimedia, IEEE Transactions on},
  volume={11},
  number={7},
  pages={1310--1322},
  year={2009},
  publisher={IEEE}
}

@inproceedings{liu2009tag,
  title={Tag ranking},
  author={Liu, Dong and Hua, Xian-Sheng and Yang, Linjun and Wang, Meng and Zhang, Hong-Jiang},
  booktitle={Proceedings of the 18th international conference on World wide web},
  pages={351--360},
  year={2009},
  organization={ACM}
}

@inproceedings{mei2007videoreach,
  title={VideoReach: an online video recommendation system},
  author={Mei, Tao and Yang, Bo and Hua, Xian-Sheng and Yang, Linjun and Yang, Shi-Qiang and Li, Shipeng},
  booktitle={Proceedings of the 30th annual international ACM SIGIR conference on Research and development in information retrieval},
  pages={767--768},
  year={2007},
  organization={ACM}
}

@article{adomavicius2005toward,
  title={Toward the next generation of recommender systems: A survey of the state-of-the-art and possible extensions},
  author={Adomavicius, Gediminas and Tuzhilin, Alexander},
  journal={Knowledge and Data Engineering, IEEE Transactions on},
  volume={17},
  number={6},
  pages={734--749},
  year={2005},
  publisher={IEEE}
}

@article{su2009survey,
  title={A survey of collaborative filtering techniques},
  author={Su, Xiaoyuan and Khoshgoftaar, Taghi M},
  journal={Advances in artificial intelligence},
  volume={2009},
  pages={4},
  year={2009},
  publisher={Hindawi Publishing Corp.}
}

@inproceedings{breese1998empirical,
  title={Empirical analysis of predictive algorithms for collaborative filtering},
  author={Breese, John S and Heckerman, David and Kadie, Carl},
  booktitle={Proceedings of the Fourteenth conference on Uncertainty in artificial intelligence},
  pages={43--52},
  year={1998},
  organization={Morgan Kaufmann Publishers Inc.}
}

@inproceedings{herlocker1999algorithmic,
  title={An algorithmic framework for performing collaborative filtering},
  author={Herlocker, Jonathan L and Konstan, Joseph A and Borchers, Al and Riedl, John},
  booktitle={Proceedings of the 22nd annual international ACM SIGIR conference on Research and development in information retrieval},
  pages={230--237},
  year={1999},
  organization={ACM}
}

@article{linden2003amazon,
  title={Amazon. com recommendations: Item-to-item collaborative filtering},
  author={Linden, Greg and Smith, Brent and York, Jeremy},
  journal={Internet Computing, IEEE},
  volume={7},
  number={1},
  pages={76--80},
  year={2003},
  publisher={IEEE}
}

@inproceedings{sarwar2001item,
  title={Item-based collaborative filtering recommendation algorithms},
  author={Sarwar, Badrul and Karypis, George and Konstan, Joseph and Riedl, John},
  booktitle={Proceedings of the 10th international conference on World Wide Web},
  pages={285--295},
  year={2001},
  organization={ACM}
}

@book{xiangliang,
author ="项亮",
year="2012",
title="推荐系统实践[B]",
publisher ="北京:人民邮电出版社"
}

@inproceedings{gunawardana2009unified,
  title={A unified approach to building hybrid recommender systems},
  author={Gunawardana, Asela and Meek, Christopher},
  booktitle={Proceedings of the third ACM conference on Recommender systems},
  pages={117--124},
  year={2009},
  organization={ACM}
}

@incollection{burke2007hybrid,
  title={Hybrid web recommender systems},
  author={Burke, Robin},
  booktitle={The adaptive web},
  pages={377--408},
  year={2007},
  publisher={Springer}
}

@inproceedings{schein2002methods,
  title={Methods and metrics for cold-start recommendations},
  author={Schein, Andrew I and Popescul, Alexandrin and Ungar, Lyle H and Pennock, David M},
  booktitle={Proceedings of the 25th annual international ACM SIGIR conference on Research and development in information retrieval},
  pages={253--260},
  year={2002},
  organization={ACM}
}

@article{wang2013joint,
  title={Joint social and content recommendation for user-generated videos in online social network},
  author={Wang, Zhi and Sun, Lifeng and Zhu, Wenwu and Yang, Shiqiang and Li, Hongzhi and Wu, Dapeng},
  journal={Multimedia, IEEE Transactions on},
  volume={15},
  number={3},
  pages={698--709},
  year={2013},
  publisher={IEEE}
}

@inproceedings{tiemann2007towards,
  title={Towards ensemble learning for hybrid music recommendation},
  author={Tiemann, Marco and Pauws, Steffen},
  booktitle={Proceedings of the 2007 ACM conference on Recommender systems},
  pages={177--178},
  year={2007},
  organization={ACM}
}

@article{blei2003latent,
  title={Latent dirichlet allocation},
  author={Blei, David M and Ng, Andrew Y and Jordan, Michael I},
  journal={the Journal of machine Learning research},
  volume={3},
  pages={993--1022},
  year={2003},
  publisher={JMLR. org}
}
