%!Tex Program = xelatex
% -*-coding: utf-8 -*-

 @article{GOstats,
    author = {S Falcon and R Gentleman},
    title = {Using {G}{O}stats to test gene lists for {G}{O} term association.},
    journal = {Bioinformatics},
    year = {2007},
    volume = {23},
    number = {2},
    pages = {257-8}
  }

 @article{bioconductor,
    author = {Robert C Gentleman and Vincent J. Carey and Douglas M. Bates and {others}},
    title = {Bioconductor: Open software development for computational biology and bioinformatics},
    journal = {Genome Biology},
    volume = {5},
    year = {2004},
    pages = {R80}
  }


@article{grubb2006glucosinolate,
  title={Glucosinolate metabolism and its control},
  author={Grubb, C Douglas and Abel, Steffen},
  journal={Trends in plant science},
  volume={11},
  number={2},
  pages={89--100},
  year={2006},
  publisher={Elsevier}
}

@article{tonsor2005gene,
  title={Gene function beyond the single trait: natural variation, gene effects, and evolutionary ecology in Arabidopsis thaliana},
  author={Tonsor, SJ and Alonso-Blanco, C and Koornneef, M},
  journal={Plant, Cell \& Environment},
  volume={28},
  number={1},
  pages={2--20},
  year={2005},
  publisher={Wiley Online Library}
}

@article{reichelt2002benzoic,
  title={Benzoic acid glucosinolate esters and other glucosinolates from Arabidopsis thaliana},
  author={Reichelt, Michael and Brown, Paul D and Schneider, Bernd and Oldham, Neil J and Stauber, Einar and Tokuhisa, Jim and Kliebenstein, Daniel J and Mitchell-Olds, Thomas and Gershenzon, Jonathan and others},
  journal={Phytochemistry},
  volume={59},
  number={6},
  pages={663--672},
  year={2002},
  publisher={Oxford; New York: Pergamon Press, 1961-}
}

@article{ashburner_gene_2000,
	title = {Gene Ontology: tool for the unification of biology},
	volume = {25},
	shorttitle = {Gene Ontology},
	number = {1},
	urldate = {2013-04-03},
	journal = {Nature genetics},
	author = {Ashburner, Michael and Ball, Catherine A. and Blake, Judith A. and Botstein, David and Butler, Heather and Cherry, J. Michael and Davis, Allan P. and Dolinski, Kara and Dwight, Selina S. and Eppig, Janan T.},
	year = {2000},
	pages = {25–29},
	file = {Ashburner et al. - 2000 - Gene Ontology tool for the unification of biology.pdf:D:\360云盘\ZoteroData\storage\CWXTM6IR\Ashburner et al. - 2000 - Gene Ontology tool for the unification of biology.pdf:application/pdf}
}

@article{ashburner2000gene,
  title={Gene Ontology: tool for the unification of biology},
  author={Ashburner, M. and Ball, C.A. and Blake, J.A. and Botstein, D. and Butler, H. and Cherry, J.M. and Davis, A.P. and Dolinski, K. and Dwight, S.S. and Eppig, J.T. and others},
  journal={Nature genetics},
  volume={25},
  number={1},
  pages={25},
  year={2000},
  publisher={NIH Public Access}
}


@article{mikkelsen2004arabidopsis,
  title={Arabidopsis mutants in the C--S lyase of glucosinolate biosynthesis establish a critical role for indole-3-acetaldoxime in auxin homeostasis},
  author={Mikkelsen, M.D. and Naur, P. and Halkier, B.A.},
  journal={The Plant Journal},
  volume={37},
  number={5},
  pages={770--777},
  year={2004},
  publisher={Wiley Online Library}
}

@article{geu2009glucosinolate,
  title={Glucosinolate engineering identifies a $\gamma$-glutamyl peptidase},
  author={Geu-Flores, F. and Nielsen, M.T. and Nafisi, M. and M{\o}ldrup, M.E. and Olsen, C.E. and Motawia, M.S. and Halkier, B.A.},
  journal={Nature chemical biology},
  volume={5},
  number={8},
  pages={575--577},
  year={2009},
  publisher={Nature Publishing Group}
}

@article{celenza2005arabidopsis,
  title={The Arabidopsis ATR1 Myb transcription factor controls indolic glucosinolate homeostasis},
  author={Celenza, J.L. and Quiel, J.A. and Smolen, G.A. and Merrikh, H. and Silvestro, A.R. and Normanly, J. and Bender, J.},
  journal={Plant physiology},
  volume={137},
  number={1},
  pages={253--262},
  year={2005},
  publisher={Am Soc Plant Biol}
}


@article{gigolashvili2007transcription,
  title={The transcription factor HIG1/MYB51 regulates indolic glucosinolate biosynthesis in Arabidopsis thaliana},
  author={Gigolashvili, T. and Berger, B. and Mock, H.P. and M{\"u}ller, C. and Weisshaar, B. and Fl{\"u}gge, U.I.},
  journal={The Plant Journal},
  volume={50},
  number={5},
  pages={886--901},
  year={2007},
  publisher={Wiley Online Library}
}

@article{clay2009glucosinolate,
  title={Glucosinolate metabolites required for an Arabidopsis innate immune response},
  author={Clay, N.K. and Adio, A.M. and Denoux, C. and Jander, G. and Ausubel, F.M.},
  journal={Science Signalling},
  volume={323},
  number={5910},
  pages={95},
  year={2009},
  publisher={AAAS}
}

@article{douglas2004arabidopsis,
  title={Arabidopsis glucosyltransferase UGT74B1 functions in glucosinolate biosynthesis and auxin homeostasis},
  author={Douglas Grubb, C. and Zipp, B.J. and Ludwig-M{\"u}ller, J. and Masuno, M.N. and Molinski, T.F. and Abel, S.},
  journal={The Plant Journal},
  volume={40},
  number={6},
  pages={893--908},
  year={2004},
  publisher={Wiley Online Library}
}

@article{wentzell2007linking,
  title={Linking metabolic QTLs with network and cis-eQTLs controlling biosynthetic pathways},
  author={Wentzell, A.M. and Rowe, H.C. and Hansen, B.G. and Ticconi, C. and Halkier, B.A. and Kliebenstein, D.J.},
  journal={PLoS Genetics},
  volume={3},
  number={9},
  pages={e162},
  year={2007},
  publisher={Public Library of Science}
}

@article{mikkelsen2000cytochrome,
  title={Cytochrome P450 CYP79B2 from Arabidopsis catalyzes the conversion of tryptophan to indole-3-acetaldoxime, a precursor of indole glucosinolates and indole-3-acetic acid},
  author={Mikkelsen, M.D. and Hansen, C.H. and Wittstock, U. and Halkier, B.A.},
  journal={Journal of Biological Chemistry},
  volume={275},
  number={43},
  pages={33712--33717},
  year={2000},
  publisher={ASBMB}
}

@article{wittstock2000cytochrome,
  title={Cytochrome P450 CYP79A2 from Arabidopsis thaliana L. catalyzes the conversion of L-phenylalanine to phenylacetaldoxime in the biosynthesis of benzylglucosinolate},
  author={Wittstock, U. and Halkier, B.A.},
  journal={Journal of Biological Chemistry},
  volume={275},
  number={19},
  pages={14659--14666},
  year={2000},
  publisher={ASBMB}
}

@article{zhao2002trp,
  title={Trp-dependent auxin biosynthesis in Arabidopsis: involvement of cytochrome P450s CYP79B2 and CYP79B3},
  author={Zhao, Y. and Hull, A.K. and Gupta, N.R. and Goss, K.A. and Alonso, J. and Ecker, J.R. and Normanly, J. and Chory, J. and Celenza, J.L.},
  journal={Genes \& development},
  volume={16},
  number={23},
  pages={3100--3112},
  year={2002},
  publisher={Cold Spring Harbor Lab}
}

@article{gigolashvili2008hag2,
  title={HAG2/MYB76 and HAG3/MYB29 exert a specific and coordinated control on the regulation of aliphatic glucosinolate biosynthesis in Arabidopsis thaliana},
  author={Gigolashvili, T. and Engqvist, M. and Yatusevich, R. and M{\"u}ller, C. and Fl{\"u}gge, U.I.},
  journal={New Phytologist},
  volume={177},
  number={3},
  pages={627--642},
  year={2008},
  publisher={Wiley Online Library}
}

@article{gigolashvili2007r2r3,
  title={The R2R3-MYB transcription factor HAG1/MYB28 is a regulator of methionine-derived glucosinolate biosynthesis in Arabidopsis thaliana},
  author={Gigolashvili, T. and Yatusevich, R. and Berger, B. and M{\"u}ller, C. and Fl{\"u}gge, U.I.},
  journal={The Plant Journal},
  volume={51},
  number={2},
  pages={247--261},
  year={2007},
  publisher={Wiley Online Library}
}

@article{hansen2008novel,
  title={A novel 2-oxoacid-dependent dioxygenase involved in the formation of the goiterogenic 2-hydroxybut-3-enyl glucosinolate and generalist insect resistance in Arabidopsis},
  author={Hansen, B.G. and Kerwin, R.E. and Ober, J.A. and Lambrix, V.M. and Mitchell-Olds, T. and Gershenzon, J. and Halkier, B.A. and Kliebenstein, D.J.},
  journal={Plant physiology},
  volume={148},
  number={4},
  pages={2096--2108},
  year={2008},
  publisher={American Society of Plant Biologists}
}

@article{kliebenstein2001gene,
  title={Gene duplication in the diversification of secondary metabolism: Tandem 2-oxoglutarate--dependent dioxygenases control glucosinolate biosynthesis in Arabidopsis},
  author={Kliebenstein, D.J. and Lambrix, V.M. and Reichelt, M. and Gershenzon, J. and Mitchell-Olds, T.},
  journal={The Plant Cell Online},
  volume={13},
  number={3},
  pages={681--693},
  year={2001},
  publisher={Am Soc Plant Biol}
}

@article{li2008subclade,
  title={Subclade of flavin-monooxygenases involved in aliphatic glucosinolate biosynthesis},
  author={Li, J. and Hansen, B.G. and Ober, J.A. and Kliebenstein, D.J. and Halkier, B.A.},
  journal={Plant physiology},
  volume={148},
  number={3},
  pages={1721--1733},
  year={2008},
  publisher={American Society of Plant Biologists}
}



@article{klein2005three,
  title={The three desulfoglucosinolate sulfotransferase proteins in Arabidopsis have different substrate specificities and are differentially expressed},
  author={Klein, M. and Reichelt, M. and Gershenzon, J. and Papenbrock, J.},
  journal={Febs Journal},
  volume={273},
  number={1},
  pages={122--136},
  year={2005},
  publisher={Wiley Online Library}
}

@article{gachon2005transcriptional,
  title={Transcriptional co-regulation of secondary metabolism enzymes in Arabidopsis: functional and evolutionary implications},
  author={Gachon, C.M.M. and Langlois-Meurinne, M. and Henry, Y. and Saindrenan, P.},
  journal={Plant molecular biology},
  volume={58},
  number={2},
  pages={229--245},
  year={2005},
  publisher={Springer}
}

@article{hirai2005elucidation,
  title={Elucidation of gene-to-gene and metabolite-to-gene networks in Arabidopsis by integration of metabolomics and transcriptomics},
  author={Hirai, M.Y. and Klein, M. and Fujikawa, Y. and Yano, M. and Goodenowe, D.B. and Yamazaki, Y. and Kanaya, S. and Nakamura, Y. and Kitayama, M. and Suzuki, H. and others},
  journal={Journal of Biological Chemistry},
  volume={280},
  number={27},
  pages={25590--25595},
  year={2005},
  publisher={ASBMB}
}

@article{bak2001involvement,
  title={The involvement of two P450 enzymes, CYP83B1 and CYP83A1, in auxin homeostasis and glucosinolate biosynthesis},
  author={Bak, S. and Feyereisen, R.},
  journal={Plant Physiology},
  volume={127},
  number={1},
  pages={108--118},
  year={2001},
  publisher={Am Soc Plant Biol}
}

@article{chen2003cyp79f1,
  title={CYP79F1 and CYP79F2 have distinct functions in the biosynthesis of aliphatic glucosinolates in Arabidopsis},
  author={Chen, S. and Glawischnig, E. and J{\o}rgensen, K. and Naur, P. and J{\o}rgensen, B. and Olsen, C.E. and Hansen, C.H. and Rasmussen, H. and Pickett, J.A. and Halkier, B.A.},
  journal={The Plant Journal},
  volume={33},
  number={5},
  pages={923--937},
  year={2003},
  publisher={Wiley Online Library}
}

@article{textor2007mam3,
  title={MAM3 catalyzes the formation of all aliphatic glucosinolate chain lengths in Arabidopsis},
  author={Textor, S. and De Kraker, J.W. and Hause, B. and Gershenzon, J. and Tokuhisa, J.G.},
  journal={Plant physiology},
  volume={144},
  number={1},
  pages={60--71},
  year={2007},
  publisher={American Society of Plant Biologists}
}

@article{kroymann2001gene,
  title={A gene controlling variation in Arabidopsis glucosinolate composition is part of the methionine chain elongation pathway},
  author={Kroymann, J. and Textor, S. and Tokuhisa, J.G. and Falk, K.L. and Bartram, S. and Gershenzon, J. and Mitchell-Olds, T.},
  journal={Plant Physiology},
  volume={127},
  number={3},
  pages={1077--1088},
  year={2001},
  publisher={American Society of Plant Biologists}
}

@article{he2009redox,
  title={A redox-active isopropylmalate dehydrogenase functions in the biosynthesis of glucosinolates and leucine in Arabidopsis},
  author={He, Y. and Mawhinney, T.P. and Preuss, M.L. and Schroeder, A.C. and Chen, B. and Abraham, L. and Jez, J.M. and Chen, S.},
  journal={The Plant Journal},
  volume={60},
  number={4},
  pages={679--690},
  year={2009},
  publisher={Wiley Online Library}
}


@article{he2010functional,
  title={Functional specification of Arabidopsis isopropylmalate isomerases in glucosinolate and leucine biosynthesis},
  author={He, Y. and Chen, B. and Pang, Q. and Strul, J.M. and Chen, S.},
  journal={Plant and cell physiology},
  volume={51},
  number={9},
  pages={1480--1487},
  year={2010},
  publisher={Jpn Soc Plant Physiol}
}


@article{sawada2009arabidopsis,
  title={Arabidopsis bile acid: sodium symporter family protein 5 is involved in methionine-derived glucosinolate biosynthesis},
  author={Sawada, Y. and Toyooka, K. and Kuwahara, A. and Sakata, A. and Nagano, M. and Saito, K. and Hirai, M.Y.},
  journal={Plant and cell physiology},
  volume={50},
  number={9},
  pages={1579--1586},
  year={2009},
  publisher={Jpn Soc Plant Physiol}
}

@article{schuster2006branched,
  title={Branched-chain aminotransferase4 is part of the chain elongation pathway in the biosynthesis of methionine-derived glucosinolates in Arabidopsis},
  author={Schuster, J. and Knill, T. and Reichelt, M. and Gershenzon, J. and Binder, S.},
  journal={The Plant Cell Online},
  volume={18},
  number={10},
  pages={2664--2679},
  year={2006},
  publisher={Am Soc Plant Biol}
}

@article{knill2008arabidopsis,
  title={Arabidopsis branched-chain aminotransferase 3 functions in both amino acid and glucosinolate biosynthesis},
  author={Knill, T. and Schuster, J. and Reichelt, M. and Gershenzon, J. and Binder, S.},
  journal={Plant physiology},
  volume={146},
  number={3},
  pages={1028--1039},
  year={2008},
  publisher={Am Soc Plant Biol}
}


@inproceedings{boser1992training,
  title={A training algorithm for optimal margin classifiers},
  author={Boser, B.E. and Guyon, I.M. and Vapnik, V.N.},
  booktitle={Proceedings of the fifth annual workshop on Computational learning theory},
  pages={144--152},
  year={1992},
  organization={ACM}
}

@article{cortes1995support,
  title={Support-vector networks},
  author={Cortes, C. and Vapnik, V.},
  journal={Machine learning},
  volume={20},
  number={3},
  pages={273--297},
  year={1995},
  publisher={Springer}
}

@article{bateman2004pfam,
  title={The Pfam protein families database},
  author={Bateman, A. and Coin, L. and Durbin, R. and Finn, R.D. and Hollich, V. and Griffiths-Jones, S. and Khanna, A. and Marshall, M. and Moxon, S. and Sonnhammer, E.L.L. and others},
  journal={Nucleic acids research},
  volume={32},
  number={suppl 1},
  pages={D138--D141},
  year={2004},
  publisher={Oxford Univ Press}
}

@article{yellaboina2011domine,
  title={DOMINE: a comprehensive collection of known and predicted domain-domain interactions},
  author={Yellaboina, S. and Tasneem, A. and Zaykin, D.V. and Raghavachari, B. and Jothi, R.},
  journal={Nucleic acids research},
  volume={39},
  number={suppl 1},
  pages={D730--D735},
  year={2011},
  publisher={Oxford Univ Press}
}

@article{brandao2009atpin,
  title={AtPIN: Arabidopsis thaliana protein interaction network},
  author={Brand{\~a}o, M.M. and Dantas, L.L. and Silva-Filho, M.C.},
  journal={BMC bioinformatics},
  volume={10},
  number={1},
  pages={454},
  year={2009},
  publisher={BioMed Central Ltd}
}

@article{lo_effect_2005,
	title = {Effect of training datasets on support vector machine prediction of protein-protein interactions},
	volume = {5},
	issn = {1615-9853, 1615-9861},
	doi = {10.1002/pmic.200401118},
	number = {4},
	urldate = {2012-09-08},
	journal = {{PROTEOMICS}},
	author = {Lo, Siaw Ling and Cai, Cong Zhong and Chen, Yu Zong and Chung, Maxey C. M.},
	month = mar,
	year = {2005},
	keywords = {不同集合的选择对预测结果的影响},
	pages = {876--884},
	file = {Lo et al. - 2005 - Effect of training datasets on support vector mach.pdf:D:\360云盘\ZoteroData\storage\BDH4PGDS\Lo et al. - 2005 - Effect of training datasets on support vector mach.pdf:application/pdf}
}

@article{yang_bioppisvmextractor:_2010,
	title = {{BioPPISVMExtractor:} A protein–protein interaction extractor for biomedical literature using {SVM} and rich feature sets},
	volume = {43},
	issn = {15320464},
	shorttitle = {{BioPPISVMExtractor}},
	doi = {10.1016/j.jbi.2009.08.013},
	number = {1},
	urldate = {2012-09-07},
	journal = {Journal of Biomedical Informatics},
	author = {Yang, Zhihao and Lin, Hongfei and Li, Yanpeng},
	month = feb,
	year = {2010},
	keywords = {{PPI}, 文献挖掘},
	pages = {88--96},
	file = {Yang et al. - 2010 - BioPPISVMExtractor A protein–protein interaction .pdf:D:\360云盘\ZoteroData\storage\MR37WZB5\Yang et al. - 2010 - BioPPISVMExtractor A protein–protein interaction .pdf:application/pdf}
}


@article{roslan_incorporating_2010,
	title = {Incorporating multiple genomic features with the utilization of interacting domain patterns to improve the prediction of protein–protein interactions},
	volume = {180},
	issn = {00200255},
	doi = {10.1016/j.ins.2010.06.041},
	number = {20},
	urldate = {2012-09-07},
	journal = {Information Sciences},
	author = {Roslan, Rosfuzah and Othman, Razib M. and Shah, Zuraini A. and Kasim, Shahreen and Asmuni, Hishammuddin and Taliba, Jumail and Hassan, Rohayanti and Zakaria, Zalmiyah},
	month = oct,
	year = {2010},
	keywords = {Genomic, {PPI}},
	pages = {3955--3973},
	file = {Roslan et al. - 2010 - Incorporating multiple genomic features with the u.pdf:D:\360云盘\ZoteroData\storage\UDV7HTC2\Roslan et al. - 2010 - Incorporating multiple genomic features with the u.pdf:application/pdf}
}

@article{zhang_predicting_2004,
	title = {Predicting co-complexed protein pairs using genomic and proteomic data integration},
	volume = {5},
	number = {1},
	urldate = {2012-09-08},
	journal = {{BMC} bioinformatics},
	author = {Zhang, L. and Wong, S. and King, O. and Roth, F.},
	year = {2004},
	keywords = {Genomic, proteomic},
	pages = {38},
	file = {Zhang et al. - 2004 - Predicting co-complexed protein pairs using genomi.pdf:D:\360云盘\ZoteroData\storage\JA8FV5QW\Zhang et al. - 2004 - Predicting co-complexed protein pairs using genomi.pdf:application/pdf}
}



@article{espadaler_prediction_2005,
	title = {Prediction of protein-protein interactions using distant conservation of sequence patterns and structure relationships},
	volume = {21},
	issn = {1367-4803, 1460-2059},
	doi = {10.1093/bioinformatics/bti522},
	number = {16},
	urldate = {2012-09-08},
	journal = {Bioinformatics},
	author = {Espadaler, J. and Romero-Isart, O. and Jackson, R. M. and Oliva, B.},
	month = jun,
	year = {2005},
	keywords = {三级结构},
	pages = {3360--3368},
	file = {Prediction of protein–protein interactions using distant.pdf:D:\360云盘\ZoteroData\storage\T9GRUZ5Q\Prediction of protein–protein interactions using distant.pdf:application/pdf}
}

@article{gomez_learning_2003,
	title = {Learning to predict protein-protein interactions from protein sequences},
	volume = {19},
	issn = {1367-4803, 1460-2059},
	doi = {10.1093/bioinformatics/btg352},
	number = {15},
	urldate = {2012-09-08},
	journal = {Bioinformatics},
	author = {Gomez, S. M. and Noble, W. S. and Rzhetsky, A.},
	month = oct,
	year = {2003},
	keywords = {{DDI}, domain, motif, {PPI}, {SVM}},
	pages = {1875--1881},
	file = {Gomez et al. - 2003 - Learning to predict protein-protein interactions f.pdf:D:\360云盘\ZoteroData\storage\UCFANHFE\Gomez et al. - 2003 - Learning to predict protein-protein interactions f.pdf:application/pdf}
}

@article{aloy_interprets:_2003,
	title = {{InterPreTS:} protein interaction prediction through tertiary structure},
	volume = {19},
	shorttitle = {{InterPreTS}},
	number = {1},
	urldate = {2012-09-08},
	journal = {Bioinformatics},
	author = {Aloy, P. and Russell, R. B.},
	year = {2003},
	pages = {161–162},
	file = {Aloy 和 Russell - 2003 - InterPreTS protein interaction prediction through.pdf:D:\360云盘\ZoteroData\storage\AGGEVEKA\Aloy 和 Russell - 2003 - InterPreTS protein interaction prediction through.pdf:application/pdf}
}

@article{sun2007phylogenetic,
  title={Phylogenetic profiles for the prediction of protein--protein interactions: How to select reference organisms?},
  author={Sun, J. and Li, Y. and Zhao, Z.},
  journal={Biochemical and biophysical research communications},
  volume={353},
  number={4},
  pages={985--991},
  year={2007},
  publisher={Elsevier}
}

@article{gaasterland1998microbial,
  title={Microbial genescapes: phyletic and functional patterns of ORF distribution among prokaryotes},
  author={GAASTERLAND, T. and RAGAN, M.A.},
  journal={Microbial \& comparative genomics},
  volume={3},
  number={4},
  pages={199--217},
  year={1998}
}
@article{pellegrini1999assigning,
  title={Assigning protein functions by comparative genome analysis: protein phylogenetic profiles},
  author={Pellegrini, M. and Marcotte, E.M. and Thompson, M.J. and Eisenberg, D. and Yeates, T.O.},
  journal={Proceedings of the National Academy of Sciences},
  volume={96},
  number={8},
  pages={4285--4288},
  year={1999},
  publisher={National Acad Sciences}
}

@article{sun2005refined,
  title={Refined phylogenetic profiles method for predicting protein--protein interactions},
  author={Sun, J. and Xu, J. and Liu, Z. and Liu, Q. and Zhao, A. and Shi, T. and Li, Y.},
  journal={Bioinformatics},
  volume={21},
  number={16},
  pages={3409--3415},
  year={2005},
  publisher={Oxford Univ Press}
}

@article{crick1970central,
  title={Central dogma of molecular biology},
  author={Crick, F. and others},
  journal={Nature},
  volume={227},
  number={5258},
  pages={561--563},
  year={1970}
}

@article{ta_evaluation_2009,
    title = {Evaluation of different domain-based methods in protein interaction prediction},
    volume = {390},
    issn = {{0006291X}},
    doi = {10.1016/j.bbrc.2009.09.130},
    number = {3},
    urldate = {2012-09-07},
    journal = {Biochemical and Biophysical Research Communications},
    author = {Ta, Hung Xuan and Holm, Liisa},
    month = dec,
    year = {2009},
    pages = {357--362},
    file = {Deng - 2002 - Inferring Domain-Domain Interactions From Protein-.pdf:D:\360云盘\ZoteroData\storage\C2F4PHTF\Deng - 2002 - Inferring Domain-Domain Interactions From Protein-.pdf:application/pdf;Lee et al. - 2006 - An integrated approach to the prediction of domain.pdf:D:\360云盘\ZoteroData\storage\EJ6GVPA9\Lee et al. - 2006 - An integrated approach to the prediction of domain.pdf:application/pdf;Ng - 2003 - InterDom a database of putative interacting prote.pdf:D:\360云盘\ZoteroData\storage\WENFHBIU\Ng - 2003 - InterDom a database of putative interacting prote.pdf:application/pdf;Ta 和 Holm - 2009 - Evaluation of different domain-based methods in pr.pdf:D:\360云盘\ZoteroData\storage\X2R8MMMS\Ta 和 Holm - 2009 - Evaluation of different domain-based methods in pr.pdf:application/pdf}
}

@article{jefferson_biological_2006,
    title = {Biological Units and their Effect upon the Properties and Prediction of {Protein–Protein} Interactions},
	volume = {364},
	issn = {00222836},
	doi = {10.1016/j.jmb.2006.09.042},
	number = {5},
	urldate = {2012-09-07},
	journal = {Journal of Molecular Biology},
	author = {Jefferson, Emily R. and Walsh, Thomas P. and Barton, Geoffrey J.},
	month = dec,
	year = {2006},
	pages = {1118--1129},
	file = {Jefferson et al. - 2006 - Biological Units and their Effect upon the Propert.pdf:D:\360云盘\ZoteroData\storage\NCI672SZ\Jefferson et al. - 2006 - Biological Units and their Effect upon the Propert.pdf:application/pdf}
}

@article{chen_domain-based_2006,
	title = {Domain-Based Predictive Models for Protein-Protein Interaction Prediction},
	volume = {2006},
	issn = {1687-6172, 1687-6180},
	doi = {10.1155/ASP/2006/32767},
	urldate = {2012-09-08},
	journal = {{EURASIP} Journal on Advances in Signal Processing},
	author = {Chen, Xue-Wen and Liu, Mei},
	year = {2006},
	keywords = {{DDI}, 结构域},
	pages = {1--9},
	file = {Chen 和 Liu - 2006 - Domain-Based Predictive Models for Protein-Protein.pdf:D:\360云盘\ZoteroData\storage\RGTBAIJT\Chen 和 Liu - 2006 - Domain-Based Predictive Models for Protein-Protein.pdf:application/pdf}
}

@article{chen_prediction_2005,
	title = {Prediction of protein-protein interactions using random decision forest framework},
	volume = {21},
	issn = {1367-4803, 1460-2059},
	doi = {10.1093/bioinformatics/bti721},
	number = {24},
	urldate = {2012-09-08},
	journal = {Bioinformatics},
	author = {Chen, X.-W. and Liu, M.},
	month = oct,
	year = {2005},
	pages = {4394--4400},
	file = {Chen 和 Liu - 2005 - Prediction of protein-protein interactions using r.pdf:D:\360云盘\ZoteroData\storage\SK8DZ7TS\Chen 和 Liu - 2005 - Prediction of protein-protein interactions using r.pdf:application/pdf}
}

@article{han_domain_2003,
	title = {A domain combination based probabilistic framework for protein-protein interaction prediction},
	journal = {{GENOME} {INFORMATICS} {SERIES}},
	author = {Han, D. and Kim, H. S. and Seo, J. and Jang, W.},
	year = {2003},
	pages = {250–260},
	file = {Han et al. - 2003 - A domain combination based probabilistic framework.pdf:D:\360云盘\ZoteroData\storage\5K9FMABP\Han et al. - 2003 - A domain combination based probabilistic framework.pdf:application/pdf}
}

@article{kim_large_2002,
	title = {Large scale statistical prediction of protein-protein interaction by potentially interacting domain ({PID)} pair},
	journal = {{GENOME} {INFORMATICS} {SERIES}},
	author = {Kim, W. K. and Park, J. and Suh, J. K.},
	year = {2002},
	pages = {42–50},
	file = {Kim et al. - 2002 - Large scale statistical prediction of protein-prot.pdf:D:\360云盘\ZoteroData\storage\4TURPAZX\Kim et al. - 2002 - Large scale statistical prediction of protein-prot.pdf:application/pdf}
}

@article{luo2009predicting,
  title={Predicting protein-protein interaction based on the sequence-segmented amino acid composition},
  author={Luo, L. and Chen, W. and Pan, Q.},
  journal={Acta Biophys Sin},
  volume={25},
  number={4},
  pages={282--286},
  year={2009}
}

@article{anfinsen1972studies,
  title={Studies on the principles that govern the folding of protein chains},
  author={Anfinsen, C.B.},
  year={1972},
  journal = {Science},
   volume = {181},
   pages = {223–230}
}

@article{nanni_ensemble_2006,
	title = {An ensemble of K-local hyperplanes for predicting protein-protein interactions},
	volume = {22},
	issn = {1367-4803, 1460-2059},
	doi = {10.1093/bioinformatics/btl055},
	number = {10},
	urldate = {2012-09-08},
	journal = {Bioinformatics},
	author = {Nanni, L. and Lumini, A.},
	month = feb,
	year = {2006},
	pages = {1207--1210},
	file = {Nanni 和 Lumini - 2006 - An ensemble of K-local hyperplanes for predicting .pdf:D:\360云盘\ZoteroData\storage\FBMIF8NH\Nanni 和 Lumini - 2006 - An ensemble of K-local hyperplanes for predicting .pdf:application/pdf}
}

@article{sprinzak_correlated_2001,
	title = {Correlated sequence-signatures as markers of protein-protein interaction},
	volume = {311},
	issn = {00222836},
	doi = {10.1006/jmbi.2001.4920},
	number = {4},
	urldate = {2012-09-08},
	journal = {Journal of Molecular Biology},
	author = {Sprinzak, Einat and Margalit, Hanah},
	month = aug,
	year = {2001},
	pages = {681--692},
	file = {Sprinzak 和 Margalit - 2001 - Correlated sequence-signatures as markers of prote.pdf:D:\360云盘\ZoteroData\storage\GJUQ6BT8\Sprinzak 和 Margalit - 2001 - Correlated sequence-signatures as markers of prote.pdf:application/pdf}
}

@article{ren_improving_2011,
	title = {Improving accuracy of protein-protein interaction prediction by considering the converse problem for sequence representation},
	volume = {12},
	copyright = {2011 Ren et al; licensee {BioMed} Central Ltd.},
	issn = {1471-2105},
	doi = {10.1186/1471-2105-12-409},
	abstract = {With the development of genome-sequencing technologies, protein sequences are readily obtained by translating the measured {mRNAs.} Therefore predicting protein-protein interactions from the sequences is of great demand. The reason lies in the fact that identifying protein-protein interactions is becoming a bottleneck for eventually understanding the functions of proteins, especially for those organisms barely characterized. Although a few methods have been proposed, the converse problem, if the features used extract sufficient and unbiased information from protein sequences, is almost untouched.},
	language = {en},
	number = {1},
	urldate = {2012-09-06},
	journal = {{BMC} Bioinformatics},
	author = {Ren, Xianwen and Wang, Yong-Cui and Wang, Yong and Zhang, Xiang-Sun and Deng, Nai-Yang},
	month = oct,
	year = {2011},
	pages = {409},
	file = {Ren et al. - 2011 - Improving accuracy of protein-protein interaction .pdf:D:\360云盘\ZoteroData\storage\V6VTVC9I\Ren et al. - 2011 - Improving accuracy of protein-protein interaction .pdf:application/pdf;Snapshot:D:\360云盘\ZoteroData\storage\UDI7GADK\409.html:text/html}
}

@article{bock_predicting_2001,
	title = {Predicting protein–protein interactions from primary structure},
	volume = {17},
	number = {5},
	urldate = {2012-09-07},
	journal = {Bioinformatics},
	author = {Bock, J. R. and Gough, D. A.},
	year = {2001},
	pages = {455–460},
	file = {Bock 和 Gough - 2001 - Predicting protein–protein interactions from prima.pdf:D:\360云盘\ZoteroData\storage\IBCTZGC9\Bock 和 Gough - 2001 - Predicting protein–protein interactions from prima.pdf:application/pdf}
}



@article{zhu2001global,
  title={Global analysis of protein activities using proteome chips},
  author={Zhu, H. and Bilgin, M. and Bangham, R. and Hall, D. and Casamayor, A. and Bertone, P. and Lan, N. and Jansen, R. and Bidlingmaier, S. and Houfek, T. and others},
  journal={science},
  volume={293},
  number={5537},
  pages={2101--2105},
  year={2001},
  publisher={American Association for the Advancement of Science}
}

@article{macbeath2000printing,
  title={Printing proteins as microarrays for high-throughput function determination},
  author={MacBeath, G. and Schreiber, S.L.},
  journal={Science},
  volume={289},
  number={5485},
  pages={1760--1763},
  year={2000},
  publisher={American Association for the Advancement of Science}
}

@article{ho2002systematic,
  title={Systematic identification of protein complexes in Saccharomyces cerevisiae by mass spectrometry},
  author={Ho, Y. and Gruhler, A. and Heilbut, A. and Bader, G.D. and Moore, L. and Adams, S.L. and Millar, A. and Taylor, P. and Bennett, K. and Boutilier, K. and others},
  journal={Nature},
  volume={415},
  number={6868},
  pages={180--183},
  year={2002},
  publisher={Nature Publishing Group}
}

@article{gavin2002functional,
  title={Functional organization of the yeast proteome by systematic analysis of protein complexes},
  author={Gavin, A.C. and B{\"o}sche, M. and Krause, R. and Grandi, P. and Marzioch, M. and Bauer, A. and Schultz, J. and Rick, J.M. and Michon, A.M. and Cruciat, C.M. and others},
  journal={Nature},
  volume={415},
  number={6868},
  pages={141--147},
  year={2002},
  publisher={Nature Publishing Group}
}

@article{uetz2000comprehensive,
  title={A comprehensive analysis of protein--protein interactions in Saccharomyces cerevisiae},
  author={Uetz, P. and Giot, L. and Cagney, G. and Mansfield, T.A. and Judson, R.S. and Knight, J.R. and Lockshon, D. and Narayan, V. and Srinivasan, M. and Pochart, P. and others},
  journal={Nature},
  volume={403},
  number={6770},
  pages={623--627},
  year={2000},
  publisher={Nature Publishing Group}
}
@article{ito2001comprehensive,
  title={A comprehensive two-hybrid analysis to explore the yeast protein interactome},
  author={Ito, T. and Chiba, T. and Ozawa, R. and Yoshida, M. and Hattori, M. and Sakaki, Y.},
  journal={Proceedings of the National Academy of Sciences},
  volume={98},
  number={8},
  pages={4569--4574},
  year={2001},
  publisher={National Acad Sciences}
}

@article{von2002comparative,
  title={Comparative assessment of large-scale data sets of protein-protein interactions},
  author={Von Mering, C. and Krause, R. and Snel, B. and Cornell, M. and Oliver, S.G. and Fields, S. and Bork, P. and others},
  journal={NATURE-LONDON-},
  pages={399--404},
  year={2002},
  publisher={MACMILLAN MAGAZINES LTD}
}

@article{yanagida2002functional,
  title={Functional proteomics; current achievements},
  author={Yanagida, M.},
  journal={Journal of Chromatography B},
  volume={771},
  number={1},
  pages={89--106},
  year={2002},
  publisher={Elsevier}
}



@article{nooren2003diversity,
  title={Diversity of protein--protein interactions},
  author={Nooren, I.M.A. and Thornton, J.M.},
  journal={The EMBO journal},
  volume={22},
  number={14},
  pages={3486--3492},
  year={2003},
  publisher={Nature Publishing Group}
}


%url = {http://www.biomedcentral.com/1471-2105/11/167},
@article{yu_predicting_2010,
	title = {Predicting protein-protein interactions in unbalanced data using the primary structure of proteins},
	volume = {11},

	number = {1},
	urldate = {2012-09-06},
	journal = {{BMC} bioinformatics},
	author = {Yu, C. Y. and Chou, L. C. and Chang, D.},
	year = {2010},
	pages = {167},
	file = {Yu et al. - 2010 - Predicting protein-protein interactions in unbalan.pdf:D:\360云盘\ZoteroData\storage\M94PPM4F\Yu et al. - 2010 - Predicting protein-protein interactions in unbalan.pdf:application/pdf}
},
%url = {http://linkinghub.elsevier.com/retrieve/pii/S1476927111001253},
@article{zhang_using_2012,
	title = {Using ensemble methods to deal with imbalanced data in predicting protein–protein interactions},
	volume = {36},
	issn = {14769271},

	doi = {10.1016/j.compbiolchem.2011.12.003},
	urldate = {2012-09-07},
	journal = {Computational Biology and Chemistry},
	author = {Zhang, Yongqing and Zhang, Danling and Mi, Gang and Ma, Daichuan and Li, Gongbing and Guo, Yanzhi and Li, Menglong and Zhu, Min},
	month = feb,
	year = {2012},
	pages = {36--41},
	file = {Zhang et al. - 2012 - Using ensemble methods to deal with imbalanced dat.pdf:D:\360云盘\ZoteroData\storage\6PH3IJ62\Zhang et al. - 2012 - Using ensemble methods to deal with imbalanced dat.pdf:application/pdf}
}

@article{kutter2009covalently,
  title={Covalently bound substrate at the regulatory site of yeast pyruvate decarboxylases triggers allosteric enzyme activation},
  author={Kutter, S. and Weiss, M.S. and Wille, G. and Golbik, R. and Spinka, M. and K{\"o}nig, S.},
  journal={Journal of Biological Chemistry},
  volume={284},
  number={18},
  pages={12136--12144},
  year={2009},
  publisher={ASBMB}
}

@article{salwinski2004database,
  title={The database of interacting proteins: 2004 update},
  author={Salwinski, L. and Miller, C.S. and Smith, A.J. and Pettit, F.K. and Bowie, J.U. and Eisenberg, D.},
  journal={Nucleic acids research},
  volume={32},
  number={suppl 1},
  pages={D449--D451},
  year={2004},
  publisher={Oxford Univ Press}
}

@article{patterson2003proteomics,
  title={Proteomics: the first decade and beyond},
  author={Patterson, S.D. and Aebersold, R.H.},
  journal={Nature genetics},
  volume={33},
  pages={311--323},
  year={2003},
  publisher={Nature Publishing Group}
  }
  @article{zhu2003protein,
  title={Protein chip technology},
  author={Zhu, H. and Snyder, M.},
  journal={Current opinion in chemical biology},
  volume={7},
  number={1},
  pages={55--63},
  year={2003},
  publisher={Elsevier}
}
@article{venter2001sequence,
  title={The sequence of the human genome},
  author={Venter, J.C. and Adams, M.D. and Myers, E.W. and Li, P.W. and Mural, R.J. and Sutton, G.G. and Smith, H.O. and Yandell, M. and Evans, C.A. and Holt, R.A. and others},
  journal={Science Signalling},
  volume={291},
  number={5507},
  pages={1304},
  year={2001},
  publisher={AAAS}
}
@article{collins2004finishing,
  title={Finishing the euchromatic sequence of the human genome},
  author={Collins, FS and Lander, ES and Rogers, J. and Waterston, RH and Conso, I.},
  journal={Nature},
  volume={431},
  number={7011},
  pages={931--945},
  year={2004}
}
@article{hartwell1999molecular,
  title={From molecular to modular cell biology},
  author={Hartwell, L.H. and Hopfield, J.J. and Leibler, S. and Murray, A.W.},
  journal={Nature},
  volume={402},
  pages={C47--C52},
  year={1999},
  publisher={Nature Publishing Group}
}
@article{jones1996principles,
  title={Principles of protein-protein interactions},
  author={Jones, S. and Thornton, J.M.},
  journal={Proceedings of the National Academy of Sciences},
  volume={93},
  number={1},
  pages={13--20},
  year={1996},
  publisher={National Acad Sciences}
}
 @article{koonin2002structure,
  title={The structure of the protein universe and genome evolution},
  author={Koonin, E.V. and Wolf, Y.I. and Karev, G.P. and others},
  journal={Nature},
  volume={420},
  number={6912},
  pages={218--223},
  year={2002}
}
