%---------------------------------------------------------------------------%
%-                                                                         -%
%-                             Bibliography                                -%
%-                                                                         -%
%---------------------------------------------------------------------------

%-
Inbook{Com2018netanalysis,
author="Dmitry Zinoviev",
editor="Adaobi Obi Tulton",
title="Complex Network Analysis in Python",
booktitle="Complex Network Analysis in Python",
year="2018",
publisher="The Pragmatic Bookshelf",
address="Andy Hunt",
isbn="978-1-68050-269-5",
}
Inbook{Python2017netanalysis,
author="Mohammed Zuhair Al-Taie;Seifedine Kadry",
editor="Lakhmi C. Jain, Xindong Wu",
title="Python for Graph and Network Analysis",
bookTitle="Advanced Information and Knowledge Processing”,2017",
year="2017",
publisher="Springer Netherlands",
address="Dordrecht",
isbn="978-3-319-53003-1",
dio="10.1007/978-3-319-53004-8”"
}
-%
@Inbook{MLin2016complexnet,
author="Thiago Christiano Silva;Liang Zhao",
editor="Lakhmi C. Jain, Xindong Wu",
title="Machine Learning in Complex Networks",
bookTitle="Machine Learning in Complex Networks”,2016",
year="2016",
publisher="Springer Netherlands",
address="Switzerland",
isbn="978-3-319-17289-7",
dio="10.1007/978-3-319-17290-3"
}
%数据采集及可视化
@inproceedings{Ren2014WeiboEvents,
  author = {Ren, Donghao and Zhang, Xin and Wang, Zhenhuang and Li, Jing and Yuan, Xiaoru},
  booktitle = {Pacific Visualization Symposium (PacificVis) Notes, 2014 IEEE},
  title = {WeiboEvents: A Crowd Sourcing Weibo Visual Analytic System},
  year = {2014},
  month = {March},
  pages = {330-334}
}
%关于卷积神经网络
Inbook{DL2018fromscratch,
author="斋藤康毅;陆宇杰",
editor="杜晓静;刘香娣",
title="深度学入门:基于Python的理论与实现",
bookTitle="深度学入门:基于Python的理论与实现",
year="2018",
publisher="O’Reilly Japan, Inc，2016,人民邮电出版社",
address="Tokyo,北京",
isbn="978-7-115-48558-8",
dio="10.1007/978-3-319-17290-3"
}
%关于GCN-gcn
@inproceedings{kipf2017semi,
  title={Semi-Supervised Classification with Graph Convolutional Networks},
  author={Kipf, Thomas N. and Welling, Max},
  booktitle={International Conference on Learning Representations (ICLR)},
  year={2017}
}
%特征学习
@article{2016arXiv160700653G,
       author = {{Grover}, Aditya and {Leskovec}, Jure},
        title = "{node2vec: Scalable Feature Learning for Networks}",
      journal = {arXiv e-prints},
     keywords = {Computer Science - Social and Information Networks, Computer Science - Machine Learning, Statistics - Machine Learning},
         year = "2016",
        month = "Jul",
          eid = {arXiv:1607.00653},
        pages = {arXiv:1607.00653},
archivePrefix = {arXiv},
       eprint = {1607.00653},
 primaryClass = {cs.SI},
      adsnote = {Provided by the SAO/NASA Astrophysics Data System}
}


%社交影响力
@inproceedings{qiu2018deepinf,
  title={DeepInf: Social Influence Prediction with Deep Learning},
  author={Qiu, Jiezhong and Tang, Jian and Ma, Hao and Dong, Yuxiao and Wang, Kuansan and Tang, Jie},
  booktitle={Proceedings of the 24th ACM SIGKDD International Conference on Knowledge Discovery and Data Mining (KDD’18)},
  year={2019},
  month={March}
}
%社交影响力在总统选举中发挥的作用
@article{2012political,
        title = "{A 61-million-person experiment in social influence and political mobilization}",
        author = {Bond, Robert M. and Fariss, Christopher J. and Jones, Jason J. and Kramer, Adam D. I. and Marlow, Cameron and Settle, Jaime E. and Fowler, James H.},

        Journal={Nature},
        Year={2012},
        Volume={489},
        Pages={295 - EP},
        Month={09},
        Date={2012/09/12/online},

        Day={12},
        Publisher={Nature Publishing Group, a division of Macmillan Publishers Limited. All Rights Reserved. SN}
}

%社交影响力在广告春播中发挥的作用
@article{v011a004,
 author = {Kempe, David and Kleinberg, Jon and Tardos, \'{E}va},
 title = {Maximizing the Spread of Influence through a Social Network},
 year = {2015},
 pages = {105--147},
 doi = {10.4086/toc.2015.v011a004},
 publisher = {Theory of Computing},
 journal = {Theory of Computing},
 volume = {11},
 number = {4},
}
%网络嵌入
inproceedings{Qiu:2018:NEM:3159652.3159706,
 author = {Qiu, Jiezhong and Dong, Yuxiao and Ma, Hao and Li, Jian and Wang, Kuansan and Tang, Jie},
 title = {Network Embedding As Matrix Factorization: Unifying DeepWalk, LINE, PTE, and Node2Vec},
 booktitle = {Proceedings of the Eleventh ACM International Conference on Web Search and Data Mining},
 series = {WSDM '18},
 year = {2018},
 isbn = {978-1-4503-5581-0},
 location = {Marina Del Rey, CA, USA},
 pages = {459--467},
 numpages = {9},
 url = {http://doi.acm.org/10.1145/3159652.3159706},
 doi = {10.1145/3159652.3159706},
 acmid = {3159706},
 publisher = {ACM},
 address = {New York, NY, USA},
 keywords = {graph spectral, matrix factorization, network embedding, representation learning, social network},
} 
%社交影响力在社会动力学
@article{Rise2012fall,
 author = {Matsubara, Yasuko and Sakurai, Yasushi and Aditya Prakash, B and Li, Lei and Faloutsos, Christos},
 title = {Rise and fall patterns of information diffusion: Model and implications},
 year = {2012},
 month = {08},
 doi = {10.1145/2339530.2339537},
 journal = {Proceedings of the ACM SIGKDD International Conference on Knowledge Discovery and Data Mining},
}
%RNN社交影响力
@article{DBLP:journals/corr/LiMGM16,
  author    = {Cheng Li and
               Jiaqi Ma and
               Xiaoxiao Guo and
               Qiaozhu Mei},
  title     = {DeepCas: an End-to-end Predictor of Information Cascades},
  journal   = {CoRR},
  volume    = {abs/1611.05373},
  year      = {2016},
  url       = {http://arxiv.org/abs/1611.05373},
  archivePrefix = {arXiv},
  eprint    = {1611.05373},
  timestamp = {Mon, 13 Aug 2018 16:45:58 +0200},
  biburl    = {https://dblp.org/rec/bib/journals/corr/LiMGM16},
  bibsource = {dblp computer science bibliography, https://dblp.org}
}

%选择新浪微博的原因
@article{2012arXiv1202.0327Y,
       author = {{Yu}, Louis and {Asur}, Sitaram and {Huberman}, Bernardo A.},
        title = "{Artificial Inflation: The True Story of Trends in Sina Weibo}",
      journal = {arXiv e-prints},
     keywords = {Computer Science - Computers and Society, Computer Science - Social and Information Networks, Physics - Physics and Society},
         year = "2012",
        month = "Feb",
          eid = {arXiv:1202.0327},
        pages = {arXiv:1202.0327},
archivePrefix = {arXiv},
       eprint = {1202.0327},
 primaryClass = {cs.CY},
       adsurl = {https://ui.adsabs.harvard.edu/\#abs/2012arXiv1202.0327Y},
      adsnote = {Provided by the SAO/NASA Astrophysics Data System}
}

%用户相似性
@article{2015similarity,
        title="{Predicting individual retweet behavior by user similarity: A multi-task learning approach}",
        Author={Xing Tang and Qiguang Miao and Yining Quan and Jie Tang and Kai Deng },
        Journal={Knowledge-Based Systems},
        Year={2015},
        Volume={89},
        Pages={681 - 688},

        Doi={https://doi.org/10.1016/j.knosys.2015.09.008},
        Issn={0950-7051},  
}

article{2019TSRank,
        title = "{面向微博话题的用户影响力分析算法}",
        author = {刘威;张明新;安德智;},

        Journal={计算机应用},
        Year={2019},
        Volume={39},
        Issue={01},
        Pages={213 - 219},
        Issn={1001-9081},
}

article{2016PSO,
        title = "{基于粒子群算法的微博热点话题发现分析}",
        author = {饶浩;林育曼;陈海媚;},

        Journal={情报科学},
        Year={2016},
        Volume={34},
        Issue={12},
        Pages={51 - 54},
        Issn={1007-7634},
}

article{2018UserInfluenc,
       author = {{林青};{李立煊};{杨腾飞}},
        title = "{社交网络用户影响力量化模型研究}",
      journal = {情报杂志},
     keywords = {Sina microblog ,Neural network model, User influence, Evaluation index},
         year = "2018",
        month = "Jul",
}
%手工特征
article{Who2015,
author = {Zhang, Jing and Tang, Jie and Li, Juanzi and Liu, Yang and Xing, Chunxiao},
year = {2015},
month = {04},
pages = {1-26},
title = {Who Influenced You? Predicting Retweet via Social Influence Locality},
volume = {9},
journal = {ACM Transactions on Knowledge Discovery from Data},
doi = {10.1145/2700398}
}


%---------------------------------------------------------------------------%
