% !Mode:: "TeX:UTF-8"

@article{江泽民1989能源发展趋势及主要节能措施,
  title={能源发展趋势及主要节能措施},
  author={江泽民},
  journal={上海交通大学学报},
  volume={23},
  number={3},
  pages={1--16},
  year={1989},
  language={Chinese}
}

@article{江泽民1989论世界电子信息产业发展的新特点与我国的发展战略问题,
  title={论世界电子信息产业发展的新特点与我国的发展战略问题},
  author={江泽民},
  journal={上海交通大学学报},
  volume={23},
  number={6},
  year={1989},
  language={Chinese}
}

@article{江泽民2008对中国能源问题的思考,
  title={对中国能源问题的思考},
  author={江泽民},
  journal={上海交通大学学报},
  volume={42},
  number={3},
  pages={345--359},
  year={2008},
  language={Chinese}
}

@article{江泽民2008新时期我国信息技术产业的发展,
  title={新时期我国信息技术产业的发展},
  author={江泽民},
  journal={上海交通大学学报},
  volume={42},
  number={10},
  year={2008},
  language={Chinese}
}

@book{kuhn2004man,
  title={The Man who Changed China: The Life and Legacy of Jiang Zemin},
  author={Kuhn, R.L.},
  isbn={9781400054749},
  lccn={ocm55624581},
  year={2004},
  publisher={Crown Publishers}
}
