@book{schiller,
	title = {{M}obiele {C}ommunicatie},
	author = {Jochen Schiller},
	publisher = {Pearson Education},
	year = 2005
}
@book{bat,
	title = {802.11 Wireless Networks: The Definitive Guide},
	subtitle = {Creating and Administering Wireless Networks},
	author = {Matthew Gast},
	year = 2002,
	month = {april},
	pages = 464,
	publisher = {O'Reilly}
}
@unpublished{stage,
	title = {Stageverslag {S}iemens {NV}},
	author = {Peter Dedecker},
	year = 2005
}
@misc{wikipedia,
	title = {Wikipedia, the free encyclopedia},
	howpublished = "\url{http://en.wikipedia.org/}"
}
@misc{paper,
	title = {Bart {L}annoo, {D}idier {C}olle, {M}ario {P}ickavet, {P}iet {D}emeester, \textit{Optical Switching Architecture to Implement Moveable Cells in a Multimedia Train Environment}, Proc. of {ECOC} 2004, 30th {E}uropean {C}onf. on {O}ptical {C}ommunication, vol. 3, pp. 344-345, {S}tockholm, {S}weden, 5-9 {S}ep. 2004.}
}
@misc{click,
	title = {{T}he {C}lick {M}odular {R}outer {P}roject},
	howpublished = "\url{http://www.read.cs.ucla.edu/click/}"
}
@Misc{ns,
  author =       "Steven McCanne en Sally Floyd",
  title =        "ns---{N}etwork {S}imulator",
  howpublished = "\url{http://nsnam.isi.edu/nsnam/}"
}
@Misc{nam,
  author =       "Steven McCanne en Van Jacobson",
  title =        "nam---{N}etwork {A}ni{M}ator",
  howpublished = "\url{http://nsnam.isi.edu/nsnam/}"
}
@misc{mit,
	title = {Massachusetts {I}nstitute of {T}echnology},
	howpublished = "\url{http://www.mit.edu/}"
}
@misc{pdos,
	title = {Parallel and {D}istributed {O}perating {S}ystems group},
	howpublished = "\url{http://pdos.csail.mit.edu/}"
}
@misc{csail,
	title = {Computer {S}cience and {A}rtificial {I}ntelligence {L}aboratory},
	howpublished = "\url{http://www.csail.mit.edu/}"
}
@misc{mazu,
	title = {Mazu {N}etworks},
	howpublished = "\url{http://www.mazunetworks.com/}"
}
@misc{icsi,
	title = {International {C}omputer {S}cience {I}nstitute},
	howpublished = "\url{http://www.icsi.berkeley.edu/}"
}
@misc{berkeley,
	title = {Berkeley {U}niversity of {C}alifornia},
	howpublished = "\url{http://www.berkeley.edu/}"
}
@misc{csd,
	title = {Computer {S}cience {D}epartment},
	howpublished = "\url{http://www.cs.ucla.edu/}"
}
@misc{ucla,
	title = {University of {C}alifornia, {L}os {A}ngeles},
	howpublished = "\url{http://www.ucla.edu/}"
}
@misc{real,
	title = {The {REAL} Network Simulator},
	howpublished = "\url{http://www.cs.cornell.edu/skeshav/real/}"
}
@misc{isi,
	title = {Information {S}ciences {I}nstitute},
	howpublished = "\url{http://www.isi.edu/}"
}
@misc{usc,
	title = {University of {S}outhern {C}alifornia},
	howpublished = "\url{http://www.usc.edu/}"
}
@misc{conser,
	title = {Collaborative {S}imulation for {E}ducation and {R}esearch},
	howpublished = "\url{http://www.isi.edu/conser/}"
}
@inproceedings{nsclick-boek,
  author = {Michael Neufeld and Ashish Jain and Dirk Grunwald},
  title = {Nsclick:: bridging network simulation and deployment},
  booktitle = {Proceedings of the 5th ACM international workshop on 
Modeling analysis wireless and mobile systems},
  year = {2002},
  isbn = {1-58113-610-2},
  pages = {74--81},
  location = {Atlanta, Georgia, USA},
  doi = {http://doi.acm.org/10.1145/570758.570772},
  publisher = {ACM Press},
}
@misc{nsclick-site,
	title = {The \textit{nsclick} Simulation Environment},
	howpublished = "\url{http://systems.cs.colorado.edu/Networking/nsclick/}"
}



@ARTICLE{AppLeS,
  author = {F. Berman et al.},
  title = {Adaptive Computing on the Grid Using AppLeS},
  journal = {IEEE Transactions on Parallel and Distributed Systems},
  year = {2003},
  volume = {14},
  pages = {369-382},
  owner = {Rumbo},
  timestamp = {2005.12.01},
}

@INPROCEEDINGS{GridCast2,
  author = {T.J. Harmer et al},
  title = {GridCast - A Service Architecture for the Broadcasting Media},
  booktitle = {Proceedings of UK e-Science All Hands Meeting (AHM04)},
  year = {2004},
  owner = {Rumbo},
  timestamp = {2005.12.01},
}

@ARTICLE{SETI,
  author = {D. Anderson and J. Cobb and E. Korpela and M. Lebofsky and D. Werthimer},
  title = {SETI@home: An Experiment in Public-Resource Computing},
  journal = {Communications of the ACM},
  year = {2002},
  volume = {45},
  pages = {56-61},
  owner = {Rumbo},
  timestamp = {2005.12.12},
}

@INPROCEEDINGS{gridrm,
  author = {M.A. Baker and G. Smith},
  title = {GridRM: A Resource Monitoring Architecture for the Grid},
  booktitle = {Proc. of the 3rd Int. Workshop on Grid Computing},
  year = {2002},
  editor = {Springer-Verlag},
  owner = {Rumbo},
  timestamp = {2005.11.22},
}

@INPROCEEDINGS{GridRM2,
  author = {M.A. Baker and G. Smith},
  title = {GridRM: An Extensible Resource Monitoring System},
  booktitle = {proceedings of the IEEE Cluster Computing Conference},
  year = {2003},
  owner = {Rumbo},
  timestamp = {2005.12.12},
}

@TECHREPORT{bandwidthcentric,
  author = {O. Beaumont and L. Carter and J. Ferrante and A. Legrand and Y. Robert},
  title = {Bandwidth-centric allocation of independent tasks on heterogeneous
	platforms},
  institution = {Technical Report 4210, INRIA},
  year = {2001},
  owner = {Rumbo},
  timestamp = {2006.03.06},
}





