% （1）专著中的文献
% [序号] 作者.专著名称.版本(第１版不加标注).出版者.出版年:参考页码.

@book{唐绪军2013中国新媒体发展报告,
  title={中国新媒体发展报告No.4(2013)},
  author={唐绪军 and 吴信训 and 黄楚新 and 刘瑞生},
  publisher={社会科学文献出版社},
  year={2013},
  language = {Chinese}
}

@book{唐绪军2015中国新媒体发展报告,
  title={中国新媒体发展报告No.6(2015)},
  author={唐绪军 and 吴信训 and 黄楚新 and 刘瑞生},
  publisher={社会科学文献出版社},
  year={2015},
  language = {Chinese}
}

@book{Kimmel2004Rumors,
  title={Rumors and Rumor Control: A Manager's Guide to Understanding and Combatting Rumors},
  author={Kimmel, Allan J},
  publisher={Lawrence Erlbaum Associates},
  year={2004}
}

@book{Goodfellow2016DeepLearning,
 author = {Goodfellow, Ian and Bengio, Yoshua and Courville, Aaron},
 title = {Deep Learning},
 year = {2016},
 publisher = {The MIT Press},
} 


% (2)期刊中的文献
% [序号] 作者.文献名称.期刊名称.卷号（期号）.年,月:页码范围.
@article{false_news_spread_2018,
  title={The spread of true and false news online},
  author={Vosoughi, Soroush and Roy, Deb and Aral, Sinan},
  journal={Science},
  volume={359},
  number={6380},
  pages={1146-1151},
  year={2018}
}


@article{Difonzo2007Rumor,
  title={Rumor psychology: Social and organizational approaches.},
  author={Difonzo, Nicholas and Bordia, Prashant},
  journal={American Psychological Association},
  year={2007}
}

@article{Bengio2006A,
  title={A neural probabilistic language model.},
  author={Bengio, Yoshua and Ducharme, Réjean and Vincent, Pascal and Jauvin, Christian and Kandola, Jaz and Hofmann, Thomas and Poggio, Tomaso and Shawetaylor, John},
  journal={Journal of Machine Learning Research},
  volume={3},
  number={6},
  pages={1137-1155},
  year={2006},
}

@article{Rumerlhar1986Learning,
  title={Learning representation by back-propagating errors},
  author={Rumerlhar, D. E},
  journal={Nature},
  volume={323},
  number={3},
  pages={533-536},
  year={1986},
}

% 以下类型未在bst文件中验证过，如果需要请自行修改bst文件……

% (3)论文集
% [序号] 作者.论文题目.见(英文用In).主编.论文集名.出版地.出版年:页码范围.
@inproceedings{Chen2016Behavior,
  title={Behavior deviation: An anomaly detection view of rumor preemption},
  author={Chen, Weiling and Chai, Kiat Yeo and Lau, Chiew Tong and Bu, Sung Lee},
  booktitle={Information Technology, Electronics and Mobile Communication Conference},
  pages={1-7},
  year={2016}
}

@inproceedings{Yan2017OneHot,
  title={A distance-based outlier detection method for rumor detection exploiting user behaviorial differences},
  author={Zhang, Yan and Chen, Weiling and Chai, Kiat Yeo and Lau, Chiew Tong and Bu, Sung Lee},
  booktitle={International Conference on Data and Software Engineering},
  pages={1-6},
  year={2017}
}

@INPROCEEDINGS{Yan2017Autoencoder, 
  author={Zhang, Yan and Chen, Weiling and Chai, Kiat Yeo and Lau, Chiew Tong and Bu, Sung Lee}, 
  booktitle={2017 IEEE Technology Engineering Management Conference (TEMSCON)}, 
  title={Detecting rumors on Online Social Networks using multi-layer autoencoder}, 
  year={2017},
  pages={437-441}
}

@inproceedings{Castillo2011Information,
  title={Information credibility on twitter},
  author={Castillo, Carlos and Mendoza, Marcelo and Poblete, Barbara},
  booktitle={International Conference on World Wide Web, WWW 2011, Hyderabad, India, March 28 - April},
  pages={675-684},
  year={2011}
}

@inproceedings{Kwon2014Prominent,
  title={Prominent Features of Rumor Propagation in Online Social Media},
  author={Kwon, Sejeong and Cha, Meeyoung and Jung, Kyomin and Chen, Wei and Wang, Yajun},
  booktitle={IEEE International Conference on Data Mining},
  pages={1103-1108},
  year={2014}
}

@inproceedings{Yang2012Automatic,
  title={Automatic detection of rumor on Sina Weibo},
  author={Yang, Fan and Liu, Yang and Yu, Xiaohui and Yang, Min},
  pages={1-7},
  year={2012}
}

@inproceedings{Cai2014Rumors,
  title={Rumors detection in Chinese via crowd responses},
  author={Cai, Guoyong and Wu, Hao and Lv, Rui},
  booktitle={IEEE/ACM International Conference on Advances in Social Networks Analysis and Mining},
  pages={912-917},
  year={2014}
}

@inproceedings{Hinton1986Learning,
  title={Learning distributed representations of concepts.},
  author={Hinton, Geoffrey E},
  booktitle={Eighth Conference of the Cognitive Science Society},
  year={1986},
}

@inproceedings{mikolov2013distributed,
  title={Distributed representations of words and phrases and their compositionality},
  author={Mikolov, Tomas and Sutskever, Ilya and Chen, Kai and Corrado, Greg S and Dean, Jeff},
  booktitle={Advances in neural information processing systems},
  pages={3111--3119},
  year={2013}
}

@inproceedings{Sakurada2014Anomaly,
  title={Anomaly Detection Using Autoencoders with Nonlinear Dimensionality Reduction},
  author={Sakurada, Mayu and Yairi, Takehisa},
  booktitle={Mlsda 2014  Workshop on Machine Learning for Sensory Data Analysis},
  pages={4},
  year={2014},
}

@inproceedings{Jin2017multimodal,
  author    = {Jin, Zhiwei and Cao, Juan and Guo, Han and Zhang. Yongdong and Luo, Jiebo},
  title     = {Multimodal Fusion with Recurrent Neural Networks for Rumor Detection on Microblogs},
  booktitle = {Proceedings of the 2017 {ACM} on Multimedia Conference, {MM} 2017, Mountain View, CA, USA, October 23-27, 2017},
  pages     = {795--816},
  year      = {2017}
}

@InProceedings{Bell2016InsideOut,
  author = {Bell, Sean and Lawrence Zitnick, C. and Bala, Kavita and Girshick, Ross},
  title = {Inside-Outside Net: Detecting Objects in Context With Skip Pooling and Recurrent Neural Networks},
  booktitle = {The IEEE Conference on Computer Vision and Pattern Recognition (CVPR)},
  month = {June},
  year = {2016}
}

@InProceedings{Lin2017FPN,
  author = {Lin, Tsung-Yi and Dollar, Piotr and Girshick, Ross and He, Kaiming and Hariharan, Bharath and Belongie, Serge},
  title = {Feature Pyramid Networks for Object Detection},
  booktitle = {The IEEE Conference on Computer Vision and Pattern Recognition (CVPR)},
  month = {July},
  year = {2017}
}

@InProceedings{Cai2016MSCNN,
  author="Cai, Zhaowei and Fan, Quanfu and Feris, Rogerio S. and Vasconcelos, Nuno",
  title="A Unified Multi-scale Deep Convolutional Neural Network for Fast Object Detection",
  booktitle="Computer Vision -- ECCV 2016",
  year="2016",
  pages="354--370"
}



% (4)学位论文
% [序号] 作者.题目.[学位论文](英文用[Dissertation]).保存地点.保存单位:年份.

% (5)专利
% [序号] 专利申请者.题目.国别.专利文献种类.专利号.批准日期.

% (6)技术标准
% [序号] 起草责任者.标准代号.标准顺序号－发布年.标准名称.出版地.出版者.出版年度.


%(7)在线资料

@ELECTRONIC{webster_social_media,
  title = {Social Media},
  organization = {Merriam-Webster},
  year = {2018},
  howpublished = {online},
  refdate = {2018-04-15},
  url = {http://www.merriam-webster.com/dictionary/social media},
} 

@ELECTRONIC{digital_in_2018,
  title = {Digital in 2018: World's Internet Users Pass the 4 Billion Mark},
  organization = {We Are Social},
  year = {2018},
  howpublished = {online},
  refdate = {2018-04-15},
  url = {https://wearesocial.com/uk/blog/2018/01/global-digital-report-2018},
} 

@ELECTRONIC{pew_news_use_2017,
  title = {News Use Across Social Media Platforms 2017},
  organization = {Pew Research Center},
  year = {2017},
  howpublished = {online},
  refdate = {2018-04-15},
  url = {http://www.journalism.org/2017/09/07/news-use-across-social-media-platforms-2017},
} 

@ELECTRONIC{internet_news_2016,
  title = {2016年中国互联网新闻市场研究报告},
  organization = {中国互联网络信息中心},
  year = {2017},
  howpublished = {online},
  refdate = {2018-04-15},
  url = {http://www.cnnic.cn/hlwfzyj/hlwxzbg/mtbg/201701/P020170112309068736023.pdf},
  language = {Chinese}
} 


@misc{thulac,
  author = {Sun, Maosong and Chen, Xinxiong and Zhang, Kaixu and Guo, Zhipeng and Liu, Zhiyuan},
  title = {THULAC: An Efficient Lexical Analyzer for Chinese},
  year = {2016}
}