@article{DBLP:journals/sac/Braak06,
  author    = {Cajo J. F. ter Braak},
  title     = {A Markov Chain Monte Carlo version of the genetic algorithm Differential
               Evolution: easy Bayesian computing for real parameter spaces},
  journal   = {Statistics and Computing},
  volume    = {16},
  number    = {3},
  pages     = {239--249},
  year      = {2006},
  url       = {http://dx.doi.org/10.1007/s11222-006-8769-1},
  doi       = {10.1007/s11222-006-8769-1},
  timestamp = {Fri, 11 Jan 2008 17:05:03 +0100},
  biburl    = {http://dblp.uni-trier.de/rec/bib/journals/sac/Braak06},
  bibsource = {dblp computer science bibliography, http://dblp.org}
  }
