@inproceedings{label,
  title={Title},
  author={Author},
  booktitle={Booktitle},
  year={Year},
  series={Series},
  pages={Pages},
  organization={Organization},
  month={Month},
  address={Address},
  publisher={Publisher}
}
