@String(jan = "January")
@String(feb = "February")
@String(mar = "March")
@String(apr = "April")
@String(may = "May")
@String(jun = "June")
@String(jul = "July")
@String(aug = "August")
@String(sep = "September")
@String(oct = "October")
@String(nov = "November")
@String(dec = "December")

@String(acm             = "\abbr{ACM} Press")
@String(acm_adr         = "New York, \abbr{NY,} \abbr{USA}")
@String(springer_b      = "Springer-Verlag Berlin Heidelberg")
@String(springer_b_adr  = "Munich, Germany")
@String(springer_ny     = "Springer-Verlag New York, Inc.")
@String(springer_ny_adr = "New York, \abbr{NY,} \abbr{USA}")
@String(oreilly         = "O'Reilly Media, Inc.")
@String(oreilly_adr     = "Sebastopol, \abbr{CA,} \abbr{USA}")
@String(apress          = "Apress")
@String(apress_adr      = "Berkeley, \abbr{CA,} \abbr{USA}")
@String(mit             = "The \abbr{MIT} Press")
@String(mit_adr         = "Cambridge, \abbr{MA,} \abbr{USA}")
@String(ieee_ca         = "\abbr{IEEE} Computer Society Press")
@String(ieee_ca_adr     = "Los Alamitos, \abbr{CA,} \abbr{USA}")
@String(ieee_nj         = "\abbr{IEEE} Educational Activities Department")
@String(ieee_nj_adr     = "Piscataway, \abbr{NJ,} \abbr{USA}")
@String(ieee_dc         = "\abbr{IEEE} Computer Society")
@String(ieee_dc_adr     = "Washington, \abbr{DC,} \abbr{USA}")
@String(sage_inc        = "Sage Publications, Inc.")
@String(sage_inc_adr    = "Thousand Oaks, \abbr{CA,} \abbr{USA}")
@String(sage_ltd        = "Sage Publications Ltd.")
@String(sage_ltd_adr    = "London, \abbr{UK}")
@String(elsevier        = "Elsevier Science Publishers B. V.")
@String(elsevier_adr    = "Amsterdam, The Netherlands")
@String(graphics        = "Graphics Press \abbr{LLC}")
@String(graphics_adr    = "Cheshire, \abbr{CT,} \abbr{USA}")

@article{abram06,
  author    = {Carolyn Abram},
  journal   = {The FacebookBlog},
  title     = {Welcome to Facebook, Everyone},
  note      = {Retrieved May 30, 2008, from
    \url{http://blog.facebook.com/blog.php?post=2210227130}},
  month     = sep,
  year      = {2006},
}

@misc{adtech08,
  author    = {Adtech},
  title     = {Survey Unveils Extent of Internet Explorer Domination Across
               the European Browser Landscape},
  note      = {Press release, retrieved July 16, 2008, from
               \url{http://www.adtech.info/news/pr-08-07_en.htm}},
  month     = apr,
  year      = {2008},
}

@inproceedings{alahmad99,
  author    = {W. Al-Ahmad and E. Steegmans},
  booktitle = {\abbr{TOOLS} '99: Proceedings of the 31st International Conference on
               Technology of Object-Oriented Language and Systems},
  title     = {Modeling and Reuse Perspectives of
               Inheritance Can be Reconciled},
  pages     = {31--40},
  publisher = ieee_dc,
  address   = ieee_dc_adr,
  year      = {1999},
}

@book{allsopp07,
  author    = {John Allsop},
  title     = {Microformats: Empowering Your Markup for Web 2.0},
  isbn      = {1-59059-814-8},
  publisher = {friends of ED},
  address   = apress_adr,
  month     = mar,
  year      = {2007},
}

@article{andel94,
  author    = {Pek van Andel},
  journal   = {British Journal for the Philosophy of Science},
  title     = {Anatomy of the Unsought Finding. Serendipity:
               Origin, History, Domains, Traditions,
               Appearances, Patterns and Programmability},
  pages     = {631--648},
  volume    = {45},
  number    = {2},
  publisher = {Oxford University Press},
  address   = {Oxford, UK},
  year      = {1994},
}

@incollection{anderson97,
  author    = {Edward W. Anderson},
  title     = {Navigation},
  booktitle = {The New Encyclop\ae{}dia Britannica},
  edition   = {fifteenth},
  volume    = {24},
  pages     = {756--766},
  publisher = {{Encyclop\ae{}dia Britannica}},
  address   = {Chicago, \abbr{IL,} \abbr{USA}},
  year      = {1994},
}

@manual{ansi96,
  author    = {{American National Standards Institute} and
               {Information Technology Industry Council}},
  title     = {American National Standard for Information
               Technology: Programming Language -- Common Lisp},
  organization = {American National Standards Institute},
  address   = {New York, \abbr{NY,} \abbr{USA}},
  year      = {1996},
}

@article{armstrong06,
  author    = {Deborah J. Armstrong},
  journal   = {Communications of the \abbr{ACM}},
  title     = {The Quarks of Object-Oriented Development},
  pages     = {123--128},
  volume    = {49},
  number    = {2},
  publisher = acm,
  address   = acm_adr,
  year      = {2006},
}

@article{arnowitz07,
  author    = {Jonathan Arnowitz and Elizabeth Dykstra-Erickson},
  journal   = {interactions},
  title     = {Web 2.0 and Beyond},
  pages     = {64},
  volume    = {14},
  number    = {3},
  publisher = acm,
  address   = acm_adr,
  year      = {2007},
}

@inproceedings{aurnhammer06,
  author    = {Melanie Aurnhammer and Peter Hanappe and Luc Steels},
  booktitle = {\abbr{ISWC} '06: Proceedings of the Fifth International
               Conference on the Semantic Web},
  location  = {Athens, \abbr{GA,} \abbr{USA}},
  title     = {Augmenting Navigation for Collaborative Tagging with Emergent
               Semantics},
  pages     = {58--71},
  publisher = springer_ny,
  address   = springer_ny_adr,
  year      = {2006},
}

@inproceedings{backstrom06,
  author    = {Lars Backstrom and Dan Huttenlocher and Jon Kleinberg and
               Xiangyang Lan},
  booktitle = {\abbr{KDD} '06: Proceedings of the 12th \abbr{ACM} \abbr{SIGKDD} International
               Conference on Knowledge Discovery and Data Mining},
  title     = {Group Formation in Large Social Networks: Membership, Growth,
               and Evolution},
  pages     = {44--54},
  publisher = acm,
  address   = acm_adr,
  year      = {2006},
}

@article{balabanovic97,
  author    = {Marko Balabanovi\'{c} and Yoav Shoham},
  journal   = {Communications of the \abbr{ACM}},
  title     = {Fab: Content-Based, Collaborative Recommendation},
  pages     = {66--72},
  volume    = {40},
  number    = {3},
  publisher = acm,
  address   = acm_adr,
  year      = {1997},
}

@book{batley07,
  author    = {Sue Batley},
  title     = {Information Architecture for Information Professionals},
  isbn      = {1-843-34232-4},
  publisher = {{Chandos Publishing Ltd.}},
  address   = {Oxford, UK},
  month     = jan,
  year      = {2007},
}

@article{beer07,
  author    = {David Beer and Roger Burrows},
  journal   = {Sociological Research Online},
  title     = {Sociology and, of and in Web 2.0: Some Initial Considerations},
  pages     = {805--825},
  volume    = {12},
  number    = {5},
  note      = {Retrieved October 27, 2007, from
               \url{http://www.socresonline.org.uk/12/5/17.html}},
  month     = sep,
  year      = {2007},
}

@article{bell07,
  author    = {Robert Bell and Yehuda Koren and Chris Volinsky},
  journal   = {The Computing and Graphics Newsletter},
  title     = {Chasing \$1,000,000: How We Won The Netflix Progress Prize},
  pages     = {4--12},
  volume    = {18},
  number    = {2},
  publisher = {American Statistical Association},
  address   = {Alexandria, \abbr{VA,} \abbr{USA}},
  year      = {2007},
}

@article{bernerslee92,
  author    = {Tim Berners-Lee and Robert Cailliau and Jean-Fran\c{c}ois Groff
               and Bernd Pollermann},
  journal   = {Electronic Networking: Research, Applications and Policy},
  title     = {World-Wide Web: The Information Universe},
  pages     = {74--82},
  volume    = {1},
  number    = {2},
  publisher = {Westport},
  address   = {Westport, \abbr{CT,} \abbr{USA}},
  year      = {1992},
}

@article{bernerslee01,
  author    = {Tim Berners-Lee and James Hendler and Ora Lassila},
  journal   = {Scientific American},
  title     = {The Semantic Web},
  pages     = {34--43},
  volume    = {284},
  number    = {5},
  publisher = {Scientific American, Inc.},
  address   = {New York, \abbr{NY,} \abbr{USA}},
  year      = {2001},
}

@article{boyd07,
  author    = {Danah M. Boyd and Nicole B. Ellison},
  journal   = {Journal of Computer-Mediated Communication},
  title     = {Social Network Sites: Definition, History, and Scholarship},
  volume    = {13},
  number    = {1},
  note      = {Retrieved May 14, 2008, from
               \url{http://jcmc.indiana.edu/vol13/issue1/boyd.ellison.html}},
  year      = {2007},
}

@article{boyd08,
  author    = {Danah M. Boyd},
  journal   = {Convergence: The International Journal of Research into New
               Media Technologies},
  title     = {Facebook's Privacy Trainwreck: Exposure, Invasion, and Social
               Convergence},
  pages     = {13--20},
  volume    = {14},
  number    = {1},
  publisher = sage_inc,
  address   = sage_inc_adr,
  year      = {2008},
}

@article{bray07,
  author    = {Tim Bray},
  journal   = {Ongoing},
  title     = {Ruby Survey Results},
  note      = {Retrieved March 2, 2008, from
    \url{http://www.tbray.org/ongoing/When/200x/2007/11/26/Ruby-Tool-Survey}},
  month     = nov,
  year      = {2007},
}

@article{brin98,
  author    = {Sergey Brin and Lawrence Page},
  journal   = {Computer Networks and \abbr{ISDN} Systems},
  title     = {The Anatomy of a Large-Scale Hypertextual Web Search Engine},
  pages     = {107--117},
  volume    = {30},
  number    = {1--7},
  publisher = elsevier,
  address   = elsevier_adr,
  year      = {1998},
}

@book{bringhurst04,
  author    = {Robert Bringhurst},
  title     = {The elements of typographic style},
  edition   = {third},
  isbn      = {0-881-79205-5},
  publisher = {{Hartley \& Marks Publishers}},
  address   = {Point Roberts, \abbr{WA,} \abbr{USA}},
  month     = oct,
  year      = {2004},
}

@inproceedings{brusilovsky05,
  author    = {Peter Brusilovsky and Rosta Farzan and Jae-wook Ahn},
  booktitle = {\abbr{JCDL} '05: Proceedings of the 5th \abbr{ACM}/\abbr{IEEE}-CS joint conference
               on Digital libraries},
  location  = {Denver, \abbr{CO,} \abbr{USA}},
  title     = {Comprehensive Personalized Information Access in an
               Educational Digital Library},
  pages     = {9--18},
  publisher = acm,
  address   = acm_adr,
  year      = {2005},
}

@article{bush45,
  author    = {Vannevar Bush},
  journal   = {Atlantic Monthly},
  title     = {As We May Think},
  pages     = {101--108},
  volume    = {176},
  number    = {1},
  year      = {1945},
}

@article{butterfield05,
  author    = {Stewart Butterfield},
  journal   = {Flickr Blog},
  title     = {The New New Things},
  note      = {Retrieved November 14, 2007, from
    \url{http://blog.flickr.com/en/2005/08/01/the-new-new-things}},
  month     = aug,
  year      = {2005},
}

@article{butterfield06a,
  author    = {Stewart Butterfield},
  journal   = {Flickr Blog},
  title     = {Great Shot -- Where'd You Take That?},
  note      = {Retrieved November 14, 2007, from
               \url{http://blog.flickr.com/en/2006/08/28/great-shot-whered-
                    you-take-that}},
  month     = aug,
  year      = {2006},
}

@misc{butterfield06b,
  author    = {Butterfield, Daniel Stewart. and Fake, Caterina and
               Henderson-Begg, Callum James and Mourachov, Serguei},
  title     = {Interestingness Ranking of Media Objects },
  note      = {Patent Pending, US 2006/0242139 A1},
  month     = oct,
  year      = {2006},
}

@article{cassidy06,
  author    = {John Cassidy},
  journal   = {The New Yorker},
  title     = {The Online Life: Me Media},
  note      = {Retrieved May 30, 2008, from
    \url{http://www.newyorker.com/archive/2006/05/15/060515fa_fact_cassidy}},
  month     = may,
  year      = {2006},
}

@inproceedings{chamberlin74,
  author    = {Donald D. Chamberlin and Raymond F. Boyce},
  booktitle = {\abbr{FIDET} '74: Proceedings of the 1974 \abbr{ACM} \abbr{SIGFIDET}
               Workshop on Data Description, Access and Control},
  location  = {Ann Arbor, Michigan},
  title     = {\abbr{SEQUEL}: A structured English Query Language},
  pages     = {249--264},
  publisher = acm,
  address   = acm_adr,
  year      = {1974},
}

@inproceedings{chapman08,
  author    = {Adam N. Joinson},
  booktitle = {\abbr{CHI} '08: Extended Abstracts on Human Factors
               in Computing Systems},
  location  = {Florence, Italy},
  title     = {International Ethnographic Observation of Social Networking
               Sites},
  pages     = {3123--3128},
  publisher = acm,
  address   = acm_adr,
  year      = {2008},
}

@inproceedings{claypool01,
  author    = {Mark Claypool and Phong Le and Makoto Wased and David Brown},
  booktitle = {\abbr{IUI} '01: Proceedings of the 6th International Conference
               on Intelligent User Interfaces},
  location  = {Santa Fe, \abbr{NM,} \abbr{USA}},
  title     = {Implicit Interest Indicators},
  pages     = {33--40},
  publisher = acm,
  address   = acm_adr,
  year      = {2001},
}

@article{conklin87,
  author    = {Jeff Conklin},
  journal   = {Computer},
  title     = {Hypertext: An Introduction and Survey},
  pages     = {17--41},
  volume    = {20},
  number    = {9},
  publisher = ieee_ca,
  address   = ieee_ca_adr,
  month     = sep,
  year      = {1987},
}

@book{coolidge06,
  author    = {Frederick L. Coolidge},
  title     = {Statistics: A Gentle Introduction},
  edition   = {second},
  isbn      = {1-4129-2494-4},
  publisher = sage_inc,
  address   = sage_inc_adr,
  month     = jan,
  year      = {2006},
}

@article{crockford06a,
  author    = {Douglas Crockford},
  journal   = {Yahoo! User Interface Blog},
  title     = {Synchronous v. Asynchronous},
  note      = {Retrieved April 4, 2008, from
    \url{http://yuiblog.com/blog/2006/04/04/synchronous-v-asynchronous}},
  month     = apr,
  year      = {2006},
}

@misc{crockford06b,
  author    = {Douglas Crockford},
  title     = {\abbr{RFC} 4627: The application/json Media Type for
               JavaScript Object Notation (\abbr{JSON})},
  note      = {Status: Informational},
  month     = jul,
  year      = {2006},
}

@misc{crockford07,
  author    = {Douglas Crockford},
  title     = {The JavaScript Programming Language},
  note      = {Lecture, retrieved April 5, 2008, from
               \url{http://video.yahoo.com/watch/111593}},
  month     = feb,
  year      = {2007},
}

@article{davis89,
  author    = {Fred D. Davis},
  journal   = {\abbr{\abbr{MIS}} Quarterly},
  title     = {Perceived Usefulness, Perceived Ease of Use, and User
               Acceptance of Information Technology},
  pages     = {319--340},
  volume    = {13},
  number    = {3},
  year      = {1989},
}

@article{dean08,
  author    = {Photopreneur},
  journal   = {The Photopreneur Blog},
  title     = {What It Takes to Get Your Photo on the Flickr Explore Page},
  note      = {Retrieved June 9, 2008, from
    \url{http://blogs.photopreneur.com/what-it-takes-to-get-your-photo-
        on-the-flickr-explore-page}},
  month     = jan,
  year      = {2008},
}

@inproceedings{deshpande08,
  author    = {Amit Deshpande and Dirk Riehle},
  booktitle = {\abbr{OSS} '08: Proceedings of the Fourth International
               Conference on Open Source Systems},
  title     = {The Total Growth of Open Source},
  notes     = {Forthcoming},
  publisher = springer_b,
  address   = springer_b_adr,
  year      = {2008},
}

@article{dieberger97,
  author    = {Dieberger, Andreas},
  journal   = {International Journal of Human-Computer Studies},
  title     = {Supporting Social Navigation on the World Wide Web},
  pages     = {805--825},
  volume    = {46},
  number    = {6},
  publisher = {Academic Press, Inc.},
  address   = {Duluth, \abbr{MN,} \abbr{USA}},
  month     = jun,
  year      = {1997},
}

@inproceedings{dieberger00a,
  author    = {Dieberger, Andreas and Lonnqvist, Peter},
  booktitle = {\abbr{HYPERTEXT} '00: Proceedings of the Eleventh \abbr{ACM} on Hypertext
               and Hypermedia},
  title     = {Visualizing Interaction History on a Collaborative Web Server},
  pages     = {220--221},
  publisher = acm,
  address   = acm_adr,
  month     = may,
  year      = {2000},
}

@article{dieberger00b,
  author    = {A. Dieberger and P. Dourish and K. H\"{o}\"{o}k and
              P. Resnick and A. Wexelblat},
  journal   = {interactions},
  title     = {Social Navigation:
               Techniques for Building More Usable Systems},
  pages     = {36--45},
  volume    = {7},
  number    = {6},
  publisher = acm,
  address   = acm_adr,
  month     = nov,
  year      = {2000},
}

@article{dijkstra72,
  author    = {Edsger W. Dijkstra},
  journal   = {Communications of the \abbr{ACM}},
  title     = {The Humble Programmer},
  pages     = {859-866},
  volume    = {15},
  number    = {10},
  publisher = acm,
  address   = acm_adr,
  year      = {1972},
}

@incollection{dijkstra82,
  author    = {Edsger W. Dijkstra},
  title     = {\abbr{EWD} 447: On the role of scientific thought},
  booktitle = {Selected Writings on Computing: A Personal Perspective},
  volume    = {24},
  pages     = {60--66},
  publisher = springer_ny,
  address   = springer_ny_adr,
  year      = {1982},
}

@unpublished{dourish94,
  author    = {Dourish, Paul and Chalmers, Matthew},
  title     = {Running Out of Space: Models of Information Navigation},
  note      = {Short paper presented at \abbr{HCI}'94, Glasgow, UK},
  year      = {1994},
} 

@inproceedings{dubinko07,
  author    = {Micah Dubinko and Ravi Kumar and Joseph Magnani and
               Jasmine Novak and Prabhakar Raghavan and Andrew Tomkins},
  booktitle = {\abbr{WWW} '06: Proceedings of the 15th International
               Conference on World Wide Web},
  location  = {Edinburgh, Scotland},
  title     = {Visualizing Tags over Time},
  pages     = {193--202},
  publisher = acm,
  address   = acm_adr,
  year      = {2007},
}

@manual{ecma99,
  author    = {Ecma International},
  title     = {ECMAScript Language Specification},
  edition   = {third},
  organization = {Ecma International},
  address   = {Geneva, Switzerland},
  month     = dec,
  year      = {1999},
}

@article{eich08,
  author    = {Brendan Eich},
  journal   = {Brendan's Roadmap Updates},
  title     = {The New New Things},
  note      = {Retrieved April 4, 2008, from
               \url{http://weblogs.mozillazine.org/roadmap/archives/2008/04/
                    popularity.html}},
  month     = apr,
  year      = {2008},
}

@article{elliott08,
  author    = {Kellan Elliott-McCrea},
  journal   = {The Laughing Meme Blog},
  title     = {Twitter, or Architecture Will Not Save You},
  note      = {Retrieved June 22, 2008, from
               \url{http://www.laughingmeme.org/2008/05/28/twitter-or-
                    architecture-will-not-save-you}},
  month     = may,
  year      = {2008},
}

@book{exupery67,
  author    = {Antoine de Saint Exup\'{e}ry},
  title     = {Wind, Sand and Stars},
  isbn      = {0-15-197087-4},
  note      = {Translated by Lewis Galanti\`{e}re},
  publisher = {{Harcourt Inc.}},
  address   = {New York, \abbr{NY,} \abbr{USA}},
  year      = {1967},
}

@misc{facebook08a,
  key       = {Facebook},
  title     = {Facebook Help: Sign Up, Login and Password Problems},
  note      = {Retrieved February 8, 2008, from
               \url{http://www.facebook.com/help.php?page=18}},
  month     = feb,
  year      = {2008},
}

@misc{facebook08b,
  key       = {Facebook},
  title     = {Facebook Developers: Facebook Open Source Projects},
  note      = {Retrieved May 20, 2008, from
               \url{http://developers.facebook.com/opensource.php}},
  month     = may,
  year      = {2008},
}

@inproceedings{farooq07,
  author    = {Umer Farooq and Thomas G. Kannampallil and Yang Song and
               Craig H. Ganoe and John M. Carroll and Lee Giles},
  booktitle = {\abbr{GROUP} '07: Proceedings of the 2007 International
               \abbr{ACM} Conference on Supporting Group Work},
  location  = {Sanibel Island, Florida, \abbr{USA}},
  title     = {Evaluating Tagging Behavior in Social Bookmarking Systems:
               Metrics and Design Heuristics},
  pages     = {351--360},
  publisher = acm,
  address   = acm_adr,
  year      = {2007},
}

@book{fernandez07,
  author    = {Obie Fernandez},
  title     = {The Rails Way},
  isbn      = {0-321-44561-9},
  publisher = {{Addison-Wesley Professional}},
  address   = {Boston, \abbr{MA,} \abbr{USA}},
  month     = nov,
  year      = {2007},
}

@book{field05,
  author    = {Andy Field},
  title     = {Discovering Statistics Using SPSS},
  edition   = {second},
  isbn      = {0-7619-4451-6},
  publisher = sage_ltd,
  address   = sage_ltd_adr,
  month     = apr,
  year      = {2005},
}

@phdthesis{fielding00,
  author    = {Roy Thomas Fielding},
  title     = {Architectural Styles and
               the Design of Network-based Software Architecture},
  school    = {University of California, Irvine},
  note      = {Retrieved February 8, 2008, from
    \url{http://www.ics.uci.edu/~fielding/pubs/dissertation/top.htm}},
  year      = {2000},
}

@article{filman06,
  author    = {Robert E. Filman},
  journal   = {\abbr{IEEE} Internet Computing},
  title     = {From the Editor in Chief: Taking Back the Web},
  pages     = {3--5},
  volume    = {10},
  number    = {1},
  publisher = ieee_nj,
  address   = ieee_nj_adr,
  year      = {2006},
}

@book{flanagan06,
  author    = {David Flanagan},
  title     = {JavaScript: The Definitive Guide},
  edition   = {fifth},
  isbn      = {0-596-10199-6},
  publisher = {O’Re\-illy Media, Inc.},
  address   = oreilly_adr,
  month     = aug,
  year      = {2006},
}

@misc{flanagan03,
  author    = {Jim Flanagan},
  title     = {Search Referral Zeitgeist},
  note      = {Retrieved May 11, 2008, from
               \url{http://web.archive.org/web/20041204231120/http://twiki.
                    tensegrity.net/bin/view/Main/SearchReferralZeitgeist}},
  month     = mar,
  year      = {2003},
}

@inproceedings{floyd07,
  author    = {Ingbert R. Floyd and M. Cameron Jones
               and Dinesh Rathi and Michael B. Twidale},
  booktitle = {\abbr{HICSS} '07: Proceedings of the 40th Annual Hawaii
               International Conference on System Sciences},
  title     = {Web Mash-Ups and Patchwork Prototyping:
               User-Driven Technological Innovation with
               Web 2.0 and Open Source Software},
  pages     = {86},
  publisher = ieee_dc,
  address   = ieee_dc_adr,
  year      = {2007},
}

@article{foderaro91,
  author    = {John Foderaro},
  journal   = {Communications of the \abbr{ACM}},
  title     = {\abbr{LISP}: introduction},
  pages     = {27},
  volume    = {34},
  number    = {9},
  publisher = acm,
  address   = acm_adr,
  year      = {1991},
}

@book{fogel05,
  author    = {Karl Fogel},
  title     = {Producing Open Source Software:
               How to Run a Successful Free Software Project},
  isbn      = {0-596-00759-0},
  publisher = oreilly,
  address   = oreilly_adr,
  month     = oct,
  year      = {2005},
}

@inproceedings{fokker06,
  author    = {Jenneke Fokker and Johan Pouwelse and Wray Buntine},
  booktitle = {World Wide Web 2006: Workshop on
               Collaborative Web Tagging},
  location  = {Edinburgh, Scotland},
  title     = {Tag-Based Navigation for Peer-to-Peer Wikipedia},
  notes     = {Unpublished},
  year      = {2006},
}

@inproceedings{freyne07,
  author    = {Jill Freyne and Rosta Farzan and Peter Brusilovsky and
               Barry Smyth and Maurice Coyle},
  booktitle = {\abbr{IUI} '07: Proceedings of the 12th International Conference
               on Intelligent User Interfaces},
  location  = {Honolulu, \abbr{HI,} \abbr{USA}},
  title     = {Collecting Community Wisdom:
               Integrating Social Search \& Social Navigation},
  pages     = {52--61},
  publisher = acm,
  address   = acm_adr,
  year      = {2007},
}

@article{garrett02,
  author    = {Jesse James Garrett},
  journal   = {Digital Web Magazine},
  title     = {The Psychology of Navigation},
  note      = {Retrieved May 18, 2008, from
    \url{http://www.digital-web.com/articles/the_psychology_of_navigation}},
  month     = dec,
  year      = {2002},
}

@article{garrett05,
  author    = {Jesse James Garrett},
  journal   = {Adaptive Path Essays},
  title     = {Ajax: A New Approach to Web Applications},
  note      = {Retrieved April 2, 2008, from
    \url{http://www.adaptivepath.com/ideas/essays/archives/000385.php}},
  month     = feb,
  year      = {2005},
}

@article{giles05,
  author    = {Jim Giles},
  journal   = {Nature},
  title     = {Internet Encyclopaedias Go Head to Head},
  pages     = {900-901},
  volume    = {438},
  number    = {7070},
  publisher = {Nature Publishing Group},
  address   = {New York, \abbr{NY,} \abbr{USA}},
  month     = dec,
  year      = {2005},
}

@book{gladwell02,
  author    = {Malcolm Gladwell},
  title     = {The Tipping Point:
               How Little Things Can Make a Big Difference},
  isbn      = {0-349-11346-7},
  publisher = {{Abacus}},
  address   = {London, UK},
  month     = feb,
  year      = {2002},
}

@book{goldberg83,
  author    = {Adele Goldberg and David Robson},
  title     = {Smalltalk-80: the language and its implementation},
  isbn      = {0-201-11371-6},
  publisher = {{Addison-Wesley Longman Publishing Co., Inc.}},
  address   = {Boston, \abbr{MA,} \abbr{USA}},
  month     = may,
  year      = {1983},
}

@article{goldberg92,
  author    = {David Goldberg and David Nichols and Brian M. Oki and
               Douglas Terry},
  journal   = {Communications of the \abbr{ACM}},
  title     = {Using Collaborative Filtering to Weave an
               Information Tapestry},
  pages     = {61--70},
  volume    = {35},
  number    = {12},
  publisher = acm,
  address   = acm_adr,
  year      = {1992},
}

@article{golder06,
  author    = {Golder, Scott A. and Huberman, Bernardo  A.},
  journal   = {Journal of Information Science},
  title     = {Usage Patterns of Collaborative Tagging Systems},
  pages     = {198--208},
  volume    = {32},
  number    = {2},
  month     = apr,
  year      = {2006},
}

@inproceedings{graham82,
  author    = {Susan L. Graham and Peter B. Kessler and Marshall K. Mckusick},
  booktitle = {\abbr{SIGPLAN} '82: Proceedings of the 1982 \abbr{SIGPLAN} Symposium on
               Compiler Construction},
  location  = {Boston, \abbr{MA,} \abbr{USA}},
  title     = {Gprof: A Call Graph Execution Profiler},
  pages     = {120--126},
  publisher = acm,
  address   = acm_adr,
  year      = {1982},
}

@misc{graham05,
  author    = {Paul Graham},
  title     = {Web 2.0},
  note      = {Retrieved May 19, 2008, from
               \url{http://paulgraham.com/web20.html}},
  month     = nov,
  year      = {2005},
}

@article{greco04,
  author    = {Gianluigi Greco and Sergio Greco and Ester Zumpano},
  journal   = {AI Communications},
  title     = {Collaborative Filtering Supporting Web Site Navigation},
  pages     = {155--166},
  volume    = {17},
  number    = {3},
  publisher = {\abbr{IOS} Press},
  address   = {Amsterdam, The Netherlands},
  year      = {2004},
}

@article{gruber93,
  author    = {Thomas R. Gruber},
  journal   = {Knowledge Acquisition},
  title     = {A translation approach to portable ontology specifications},
  pages     = {199--220},
  volume    = {5},
  number    = {2},
  publisher = {Academic Press Ltd.},
  address   = {London, UK},
  year      = {1992},
}

@misc{guo06,
  author    = {Philip Jia Guo},
  title     = {Programming in a Vacuum},
  note      = {Retrieved may 9, 2008, from
    \url{http://www.stanford.edu/~pgbovine/programming-vacuum.htm}},
  month     = aug,
  year      = {2006},
}

@inproceedings{halvey07,
  author    = {Martin J. Halvey and Mark T. Keane},
  booktitle = {\abbr{WWW} '07: Proceedings of the 16th International
               Conference on World Wide Web},
  location  = {Banff, Alberta, Canada},
  title     = {An Assessment of Tag Presentation Techniques},
  pages     = {1313--1314},
  publisher = acm,
  address   = acm_adr,
  year      = {2007},
}

@inproceedings{herlocker00,
  author    = {Jonathan L. Herlocker and Joseph A. Konstan and John Riedl},
  booktitle = {\abbr{CSCW} '00: Proceedings of the 2000 \abbr{ACM} Conference on
               Computer Supported Cooperative Work},
  location  = {Philadelphia, \abbr{PA,} \abbr{USA}},
  title     = {Explaining Collaborative Filtering Recommendations},
  pages     = {241--250},
  publisher = acm,
  address   = acm_adr,
  year      = {2000},
}

@book{hippel05,
  author    = {Eric von Hippel},
  title     = {Democratizing Innovation},
  isbn      = {0-262-00274-4},
  publisher = mit,
  address   = mit_adr,
  month     = apr,
  year      = {2005},
}

@inproceedings{hill92,
  author    = {Hill, William  C.  and Hollan, James  D. and Wroblewski, Dave
               and Mccandless, Tim},
  booktitle = {\abbr{CHI} '92: Proceedings of the \abbr{SIGCHI} Conference on Human
               Factors in Computing Systems},
  title     = {Edit Wear and Read Wear},
  pages     = {3--9},
  publisher = acm,
  address   = acm_adr,
  year      = {1992},
}

@article{hill94,
  author    = {Hill, William  C. and Hollan, Jim D.},
  journal   = {The Information Society},
  title     = {History-Enriched Digital Objects},
  pages     = {139--145},
  volume    = {10},
  number    = {2},
  year      = {1994},
}

@article{janzen08,
  author    = {David Janzen and Hossein Saiedian},
  journal   = {\abbr{IEEE} Software},
  title     = {Does Test-Driven Development Really Improve
               Software Design Quality?},
  pages     = {77--84},
  volume    = {25},
  number    = {2},
  publisher = ieee_ca,
  address   = ieee_ca_adr,
  year      = {2008},
}

@misc{jacobsen91,
  author    = {Ole J. Jacobsen and Daniel C. Lynch},
  title     = {\abbr{RFC} 1208: A Glossary of Networking Terms},
  note      = {Status: Informational},
  month     = mar,
  year      = {1991},
}

@inproceedings{joinson08,
  author    = {Adam N. Joinson},
  booktitle = {\abbr{CHI} '08: Proceedings of the \abbr{SIGCHI} Conference on Human Factors
               in Computing Systems},
  location  = {Florence, Italy},
  title     = {Looking At, Looking Up or Keeping Up With People?:
               Motives and Use of Facebook},
  pages     = {1027--1036},
  publisher = acm,
  address   = acm_adr,
  year      = {2008},
}

@inproceedings{jones96,
  author    = {Steve Jones and Andy Cockburn},
  booktitle = {\abbr{HYPERTEXT} '96: Proceedings of the the seventh
               \abbr{ACM} conference on Hypertext},
  title     = {A study of navigational support provided by two
               World Wide Web browsing applications},
  pages     = {161--169},
  publisher = acm,
  address   = acm_adr,
  year      = {1996},
}

@incollection{kay96,
  author    = {Alan C. Kay},
  title     = {The early history of Smalltalk},
  booktitle = {History of programming languages\dash{}II},
  pages     = {511--598},
  publisher = acm,
  address   = acm_adr,
  year      = {1996},
}

@misc{kay03,
  author    = {Alan C. Kay},
  title     = {Correspondence with Stefan Ram},
  note      = {Retrieved April 8, 2008, from
               \url{http://www.purl.org/stefan_ram/pub/doc_kay_oop_en}},
  month     = jul,
  year      = {2003},
}

@article{keller97,
  author    = {Richard M. Keller and Shawn R. Wolfe and James R. Chen
               and Joshua L. Rabinowitz and Nathalie Mathe},
  journal   = {Computer Networks and \abbr{ISDN} Systems},
  title     = {A Bookmarking Service for Organizing and Sharing \abbr{URL}s},
  pages     = {1103--1114},
  volume    = {29},
  number    = {8--13},
  publisher = elsevier,
  address   = elsevier_adr,
  year      = {1997},
}

@inproceedings{kelty05,
  author    = {Christopher Kelty},
  booktitle = {Perspectives on Free and Open Source Software},
  title     = {Free Science},
  pages     = {415--430},
  publisher = mit,
  address   = mit_adr,
  year      = {2005},
}

@book{kernighan84,
  author    = {Brian W. Kernighan and Robert Pike},
  title     = {The \abbr{UNIX} Programming Environment},
  isbn      = {0-13-937699-2},
  publisher = {{Prentice-Hall, Inc.}},
  address   = {Englewood Cliffs, \abbr{NJ,} \abbr{USA}},
  month     = mar,
  year      = {1984},
}

@article{klishin08,
  author    = {Michael Klishin},
  journal   = {Unwinding the Stack: Back to the Future, This Time for Real},
  title     = {Why Separation of MSpec Matters to Me},
  note      = {Retrieved May 13, 2008, from
               \url{http://novemberain.com/2008/5/9/why-separation-of-mspec-
                    matters-to-me}},
  month     = may,
  year      = {2008},
}

@misc{knuth07,
  author    = {Donald E. Knuth},
  title     = {Correspondence with Andreas Zwinkau},
  note      = {Retrieved April 6, 2008, from
               \url{http://focs.wordpress.com/2007/09/18/don-knuth-on-
                    progress-in-computer-science}},
  month     = sep,
  year      = {2007},
}

@article{kolbitsch06,
  author    = {Josef Kolbitsch and Hermann Maurer},
  journal   = {Journal of Universal Computer Science},
  title     = {The Transformation of the Web: How Emerging
               Communities Shape the Information we Consume},
  pages     = {187--213},
  volume    = {12},
  number    = {1},
  publisher = {Graz University of Technology},
  address   = {Graz, Austria},
  year      = {2006},
}

@article{konstan97,
  author    = {Joseph A. Konstan and Bradley N. Miller and David Maltz
               and Lee R. Gordon and Jonathan L. Herlocker and John Riedl},
  journal   = {Communications of the \abbr{ACM}},
  title     = {GroupLens: Applying Collaborative Filtering to Usenet News},
  pages     = {77--87},
  volume    = {40},
  number    = {3},
  publisher = acm,
  address   = acm_adr,
  year      = {1997},
}

@book{krippendorff03,
  author    = {Klaus Krippendorff},
  title     = {Content Analysis: An Introduction to Its Methodology},
  edition   = {second},
  isbn      = {0-761-91544-3},
  publisher = sage_inc,
  address   = sage_inc_adr,
  month     = dec,
  year      = {2003},
}

@article{laird07,
  author    = {Peter Laird},
  journal   = {Peter Laird's Blog},
  title     = {Greasemonkey in the Enterprise:
               When is GM the Right Tool for IT?},
  note      = {Retrieved April 20, 2008, from
               \url{http://dev2dev.bea.com/blog/plaird/archive/2007/08/
                    greasemonkey_in.html}},
  month     = aug,
  year      = {2007},
}

@article{lanier06,
  author    = {Jaron Lanier},
  journal   = {Edge},
  title     = {Digital Maoism: The Hazards of the New Online Collectivism},
  note      = {Retrieved may 5, 2008, from
    \url{http://www.edge.org/3rd_culture/lanier06/lanier06_index.html}},
  month     = may,
  year      = {2006},
}

@article{lewandowski98,
  author    = {Scott M. Lewandowski},
  journal   = {\abbr{ACM} Computing Surveys},
  title     = {Frameworks for Component-Based Client/Server Computing},
  pages     = {3--27},
  volume    = {30},
  number    = {1},
  publisher = acm,
  address   = acm_adr,
  year      = {1998},
}

@inproceedings{li07,
  author    = {Rui Li and Shenghua Bao and Yong Yu and Ben Fei and Zhong Su},
  booktitle = {\abbr{WWW} '07: Proceedings of the 16th International
               Conference on World Wide Web},
  location  = {Banff, Alberta, Canada},
  title     = {Towards Effective Browsing of Large Scale Social Annotations},
  pages     = {943--952},
  publisher = acm,
  address   = acm_adr,
  year      = {2007},
}

@article{licklider68,
  author    = {J. C. R. Licklider and R. Taylor},
  journal   = {Science and Technology},
  title     = {The Computer as a Communication Device},
  pages     = {21--31},
  month     = apr,
  year      = {1968},
}

@article{likert32,
  author    = {Rensis Likert},
  journal   = {Archives of Psychology},
  title     = {A Technique for the Measurement of Attitudes},
  pages     = {1--55},
  volume    = {22},
  number    = {140},
  year      = {1932},
}

@article{lin07,
  author    = {Kwei-Jay Lin},
  journal   = {Computer},
  title     = {Building Web 2.0},
  pages     = {101--102},
  volume    = {40},
  number    = {5},
  publisher = ieee_ca,
  address   = ieee_ca_adr,
  year      = {2007},
}

@inproceedings{linskey07,
  author    = {Patrick Connor Linskey and Marc Prud'hommeaux},
  booktitle = {\abbr{SIGMOD} '07: Proceedings of the 2007 \abbr{ACM} \abbr{SIGMOD}
               International Conference on Management of Data},
  location  = {Beijing, China},
  title     = {An In-Depth Look at the Architecture of an
               Object/Relational Mapper},
  pages     = {889--894},
  publisher = acm,
  address   = acm_adr,
  year      = {2007},
}

@misc{livejournal08,
  key       = {LiveJournal},
  title     = {LiveJournal.com Statistics},
  note      = {Retrieved May 20, 2008, from
               \url{http://www.livejournal.com/stats.bml}},
  month     = may,
  year      = {2008},
}

@book{livingston07,
  author    = {Jessica Livingston},
  title     = {Founders at Work: Stories of Startups' Early Days},
  isbn      = {1-590-59714-1},
  publisher = apress,
  address   = apress_adr,
  month     = jan,
  year      = {2007},
}

@book{lowry08,
  author    = {Richard Lowry},
  title     = {Concepts and Applications of Inferential Statistics},
  publisher = {{Vassar College}},
  address   = {Poughkeepsie, \abbr{NY,} \abbr{USA}},
  note      = {Retrieved July 9, 2008, from
               \url{http://faculty.vassar.edu/lowry/intro.html}},
  year      = {2008},
}

@misc{malkin96,
  author    = {Gary Scott Malkin},
  title     = {\abbr{RFC} 1983: Internet Users' Glossary},
  note      = {Status: Informational},
  month     = aug,
  year      = {2006},
}

@inproceedings{maltz95,
  author    = {David Maltz and Kate Ehrlich},
  booktitle = {\abbr{CHI} '95: Proceedings of the \abbr{SIGCHI} Conference
               on Human Factors in Computing Systems},
  location  = {Denver, \abbr{CO,} \abbr{USA}},
  title     = {Pointing the Way: Active Collaborative Filtering},
  pages     = {202--209},
  publisher = acm,
  address   = acm_adr,
  year      = {1995},
}

@article{marchionini88,
  author    = {Gary Marchionini and Ben Shneiderman},
  journal   = {Computer},
  title     = {Finding Facts vs. Browsing Knowledge in Hypertext Systems},
  pages     = {70--80},
  volume    = {21},
  number    = {1},
  publisher = ieee_ca,
  address   = ieee_ca_adr,
  year      = {1988},
}

@inproceedings{marlow06,
  author    = {Cameron Marlow and Mor Naaman and Danah Boyd and Marc Davis},
  booktitle = {\abbr{HYPERTEXT} '06: Proceedings of the Seventeenth Conference on
               Hypertext and Hypermedia},
  location  = {Odense, Denmark},
  title     = {HT06, tagging paper, taxonomy, Flickr,
               academic article, to read},
  pages     = {31--40},
  publisher = acm,
  address   = acm_adr,
  year      = {2006},
}

@unpublished{marlow07,
  author    = {Cameron Marlow},
  title     = {Audience, Structure and Authority in the Weblog Community},
  note      = {Paper presented at 54th Annual Conference of the International
               Communication Association, New Orleans, LA.
               Retrieved December 5, 2007, from
               \url{http://www.overstated.net/media/ICA2004.pdf}},
  year      = {2007},
} 

@book{marshall07,
  author    = {Kevin Marshall and Chad Pytel and Jon Yurek},
  title     = {Pro Active Record},
  isbn      = {1-59059-847-4},
  publisher = apress,
  address   = apress_adr,
  month     = sep,
  year      = {2007},
}

@article{martin08,
  author    = {Martin C. Martin},
  journal   = {Martin C. Martin: Inspiring Lunatics, Tainting Meats},
  title     = {Where are the Fast Dynamic Languages?},
  note      = {Retrieved April 2, 2008, from
               \url{http://www.martincmartin.com/blog/?p=77}},
  month     = apr,
  year      = {2008},
}

@inproceedings{mayhew90,
  author    = {Pam Mayhew},
  booktitle = {CAiSE '90: Proceedings of the Second Nordic
               Conference on Advanced Information Systems Engineering},
  location  = {Stockholm, Sweden},
  title     = {Software Prototyping: Implications for the People
               Involved in Systems Development},
  pages     = {290--305},
  publisher = springer_ny,
  address   = springer_ny_adr,
  year      = {1990},
}

@book{mcanally08,
  author    = {Jeremy McAnally and Assaf Arkin},
  title     = {Ruby in Practice},
  isbn      = {1-933-98847-9},
  notes     = {Forthcoming},
  publisher = {{Manning Publications Co.}},
  address   = {Greenwich, \abbr{CT,} \abbr{USA}},
  month     = aug,
  year      = {2008},
}

@article{mccarthy78,
  author    = {John McCarthy},
  journal   = {\abbr{ACM} \abbr{SIGPLAN} Notices},
  title     = {History of \abbr{LISP}},
  pages     = {217--223},
  volume    = {13},
  number    = {8},
  publisher = acm,
  address   = acm_adr,
  year      = {1978},
}

@book{mcconnell04,
  author    = {Steve McConnell},
  title     = {Code Complete: A Practical Handbook for Software Construction},
  isbn      = {0-735-61967-0},
  edition   = {second},
  publisher = {{Microsoft Press}},
  address   = {Redmond, \abbr{WA,} \abbr{USA}},
  month     = jun,
  year      = {2004},
}

@inproceedings{mcilroy68,
  author    = {M. Douglas McIlroy},
  booktitle = {Proceedings of the \abbr{NATO} Conference on Software Engineering},
  location  = {Garmisch, Germany},
  title     = {Mass Produced Software Components},
  pages     = {138--155},
  publisher = {\abbr{NATO} Science Committee},
  address   = {Brussels, Belgium},
  year      = {1968},
}

@article{mernik05,
  author    = {Marjan Mernik and Jan Heering and Anthony M. Sloane},
  journal   = {\abbr{ACM} Computing Surveys},
  title     = {When and How to Develop Domain-Specific Languages},
  pages     = {316--344},
  volume    = {37},
  number    = {4},
  publisher = acm,
  address   = acm_adr,
  year      = {2005},
}

@inproceedings{mertens06,
  author    = {Robert Mertens and Rosta Farzan and Peter Brusilovsky},
  booktitle = {\abbr{HYPERTEXT} '06: Proceedings of the Seventeenth Conference on
               Hypertext and Hypermedia},
  location  = {Odense, Denmark},
  title     = {Social Navigation in Web Lectures},
  pages     = {41--44},
  publisher = acm,
  address   = acm_adr,
  year      = {2006},
}

@inproceedings{mesbah07,
  author    = {Ali Mesbah and Arie van Deursen},
  booktitle = {\abbr{ICSA} '07: Proceedings of the Sixth Working \abbr{IEEE}/\abbr{IFIP}
               Conference on Software Architecture},
  title     = {An Architectural Style for Ajax},
  pages     = {44--53},
  publisher = ieee_ca,
  address   = ieee_ca_adr,
  year      = {2007},
}

@misc{microsoft99,
  author    = {Microsoft},
  title     = {Microsoft Launches Internet Explorer 5,
               Passport to the Global Online Community},
  note      = {Press release, retrieved April 2, 2008, from
    \url{http://www.microsoft.com/presspass/features/1999/03-18ie5.mspx}},
  month     = mar,
  year      = {1999},
}

@inproceedings{millard06,
  author    = {David E. Millard and Martin Ross},
  booktitle = {\abbr{HYPERTEXT} '06: Proceedings of the Seventeenth Conference on
               Hypertext and Hypermedia},
  location  = {Odense, Denmark},
  title     = {Web 2.0: Hypertext by Any Other Name?},
  pages     = {27--30},
  publisher = acm,
  address   = acm_adr,
  year      = {2006},
}

@inproceedings{millen06,
  author    = {David R. Millen and Jonathan Feinberg},
  booktitle = {Adaptive Hypermedia 2006: Workshop on the Social Navigation
               and Community-Based Adaptation Technologies},
  title     = {Using Social Tagging to Improve Social Navigation},
  notes     = {Unpublished},
  year      = {2006},
}

@misc{mitcenter08,
  author    = {{MIT Center for Collective Intelligence}},
  title     = {Collective Intelligence Handbook},
  note      = {Retrieved May 4, 2008, from
               \url{http://scripts.mit.edu/~cci/wiki/index.php?title=
                    Main_Page&oldid=5246}},
  month     = feb,
  year      = {2008},
}

@article{mitchell04,
  author    = {Scott Mitchell},
  journal   = {\abbr{MSDN} Library},
  title     = {Understanding \abbr{ASP}.\abbr{NET} View State},
  note      = {Retrieved February 8, 2008, from
               \url{http://msdn.microsoft.com/en-us/library/ms972976.aspx}},
  month     = may,
  year      = {2004},
}

@book{morville06,
  author    = {Morville, Peter and Rosenfeld, Louis},
  title     = {Information Architecture for the World Wide Web:
               Designing Large-Scale Web Sites},
  isbn      = {0-596-52734-9},
  edition   = {third},
  publisher = oreilly,
  address   = oreilly_adr,
  month     = nov,
  year      = {2006},
}

@article{murphy06,
  author    = {Gail C. Murphy and Mik Kersten and Leah Findlater},
  journal   = {Software, \abbr{IEEE}},
  title     = {How are Java software developers using the Elipse \abbr{IDE}?},
  pages     = {76--83},
  volume    = {23},
  number    = {4},
  publisher = ieee_ca,
  address   = ieee_ca_adr,
  year      = {2006},
}

@article{murugesan07,
  author    = {San Murugesan},
  journal   = {IT Professional},
  title     = {Understanding Web 2.0},
  pages     = {34--41},
  volume    = {9},
  number    = {4},
  publisher = ieee_nj,
  address   = ieee_nj_adr,
  year      = {2007},
}

@article{myers98,
  author    = {Brad A. Myers},
  journal   = {interactions},
  title     = {A brief history of human-computer interaction technology},
  pages     = {44--54},
  volume    = {5},
  number    = {2},
  publisher = acm,
  address   = acm_adr,
  month     = nov,
  year      = {1998},
}

@inproceedings{nelson65,
  author    = {Ted Holm Nelson},
  booktitle = {Proceedings of the 1965 20th National Conference},
  location  = {Cleveland, Ohio, \abbr{USA}},
  title     = {Complex Information Processing: A File Structure for the
               Complex, the Changing and the Indeterminate},
  pages     = {84--100},
  publisher = acm,
  address   = acm_adr,
  year      = {1965},
}

@misc{netcraft08,
  author    = {Netcraft},
  title     = {June 2008 Web Server Survey},
  note      = {Press release, retrieved July 16, 2008, from
               \url{http://news.netcraft.com/archives/2008/06/22/june
                    _2008_web_server_survey.html}},
  month     = jun,
  year      = {2008},
}

@misc{netflix08,
  key       = {Netflix},
  title     = {Netflix Prize Leaderboard},
  note      = {Retrieved May 21, 2008, from
               \url{http://www.netflixprize.com/leaderboard}},
  month     = may,
  year      = {2008},
}

@misc{netscape95,
  author    = {Netscape},
  title     = {Netscape and Sun Announce JavaScript, the Open,
               Cross-plattform Object Scripting Language for
               Enterprise Networks and the Internet},
  note      = {Press release, retrieved March 5, 2008, from
               \url{http://wp.netscape.com/newsref/pr/newsrelease67.html}},
  month     = dec,
  year      = {1995},
}

@inproceedings{nishimoto06,
  author    = {Ippei Nishimoto and Masashi Toda},
  booktitle = {WI '06: Proceedings of the 2006 \abbr{IEEE}/\abbr{WIC}/\abbr{ACM}
               International Conference on Web Intelligence},
  title     = {Process-Recollective Refinding on the Web},
  pages     = {883--892},
  publisher = ieee_dc,
  address   = ieee_dc_adr,
  year      = {2006},
}

@article{north06,
  author    = {Dan North},
  journal   = {Dan North's Blog},
  title     = {Introducing \abbr{BDD}},
  note      = {Retrieved April 21, 2008, from
               \url{http://dannorth.net/introducing-bdd}},
  month     = sep,
  year      = {2006},
}

@misc{onestat08,
  author    = {OneStat.com},
  title     = {Mozilla's Firefox Global Usage Share is Still Growing
               according to OneStat.com},
  note      = {Press release, retrieved March 4, 2008, from
               \url{http://www.onestat.com/html/aboutus_pressbox57-
                    firefox-mozilla-ie-browser-market-share.html}},
  month     = feb,
  year      = {2008},
}

@misc{openmarket96,
  author    = {Open Market, Inc.},
  title     = {FastCGI: A High-Performance Web Server Interface},
  note      = {White paper, retrieved April 16, 2008, from
    \url{http://www.fastcgi.com/devkit/doc/fastcgi-whitepaper/fastcgi.htm}},
  month     = apr,
  year      = {1996},
}

@misc{oreilly05,
  author    = {O'Reilly, Tim},
  title     = {What Is Web 2.0: Design Patterns and Business Models for
               the Next Generation of Software},
  note      = {Retrieved October 12, 2007, from
               \url{http://www.oreillynet.com/lpt/a/6228}},
  month     = sep,
  year      = {2005},
}

@article{oreilly07,
  author    = {O'Reilly, Tim},
  journal   = {O'Reilly Radar},
  title     = {Today's Web 3.0 Nonsense Blogstorm},
  note      = {Retrieved October 12, 2007, from
    \url{http://radar.oreilly.com/archives/2007/10/web_30_semantic_web_web_20.html}},
  month     = oct,
  year      = {2007},
}

@article{orenstein08,
  author    = {Ben Orenstein},
  journal   = {Codeulate},
  title     = {Switching Editors is Just as Hard as Switching Languages},
  note      = {Retrieved March 1, 2008, from
               \url{http://codeulate.com/?p=12}},
  month     = feb,
  year      = {2008},
}

@manual{osind,
  author    = {{The Open Source Initiative}},
  title     = {The Open Source Definition},
  edition   = {{1.9}},
  organization = {The Open Source Initiative (\abbr{OSI})},
  address   = {Palo Alto, \abbr{CA,} \abbr{USA}},
  year      = {n.d.},
}

@misc{powazek08,
  author    = {Derek Powazek},
  title     = {The Weird Turn Pro: Crowdsourcing for Creatives},
  note      = {Recorded presentation from
               the South by Southwest Interactive Conference 2008.
               Retrieved June 14, 2008, from
               \url{http://audio.sxsw.com/podcast/interactive/panels/2008/
                    SXSW08.INT.20080308.CrowdsourcingForCreatives.mp3}},
  month     = mar,
  year      = {2008},
}

@misc{pu03,
  author    = {Pearl Pu and Punit Gupta},
  booktitle = {The Tenth International Conference on
               Human-Computer Interaction},
  location  = {Crete, Greece},
  title     = {Visualizing Reputation and Recommendation in Scientific
               Literature},
  note      = {Unpublished},
  year      = {2003},
}

@article{rayward94,
  author    = {W. Boyd Rayward},
  journal   = {Journal of the American Society for Information Science},
  title     = {Visions of Xanadu: Paul Otlet (1868-1944) and Hypertext},
  volume    = {45},
  number    = {4},
  publisher = {John Wiley & Sons, Inc.},
  address   = {New York, \abbr{NY,} \abbr{USA}},
  year      = {1994},
}

@misc{record08,
  key       = {Record},
  title     = {About \abbr{RECORD}},
  note      = {Retrieved June 21, 2008, from
               \url{http://www.recordproject.org/index.php/about}},
  year      = {2008},
}

@book{resig06,
  author    = {John Resig},
  title     = {Pro JavaScript Techniques},
  isbn      = {1-590-59727-3},
  publisher = apress,
  address   = apress_adr,
  month     = dec,
  year      = {2006},
}

@inproceedings{resnick94,
  author    = {Paul Resnick and Neophytos Iacovou and Mitesh Suchak
               and Peter Bergstrom and John Riedl},
  booktitle = {\abbr{CSCW} '94: Proceedings of the 1994 \abbr{ACM} Conference on
               Computer Supported Cooperative Work},
  location  = {Chapel Hill, \abbr{NC,} \abbr{USA}},
  title     = {GroupLens: An Open Architecture for Collaborative Filtering of
               Netnews},
  pages     = {175--186},
  publisher = acm,
  address   = acm_adr,
  year      = {1994},
}

@article{resnick97,
  author    = {Paul Resnick and Hal R. Varian},
  journal   = {Communications of the \abbr{ACM}},
  title     = {Recommender Systems},
  pages     = {56--58},
  volume    = {40},
  number    = {3},
  publisher = acm,
  address   = acm_adr,
  year      = {1997},
}

@inproceedings{riedl03,
  author    = {Mark O. Riedl and Robert St. Amant},
  booktitle = {\abbr{AAMAS} '03: Proceedings of the second international joint
               conference on Autonomous agents and multiagent systems},
  location  = {Melbourne, Australia},
  title     = {Social navigation: modeling, simulation, and experimentation},
  pages     = {361--368},
  publisher = acm,
  address   = acm_adr,
  year      = {2003},
}

@inproceedings{rivadeneira07,
  author    = {A. W. Rivadeneira and Daniel M. Gruen and Michael J. Muller
               and David R. Millen},
  booktitle = {\abbr{CHI} '07: Proceedings of the \abbr{SIGCHI} Conference on Human Factors
               in Computing Systems},
  location  = {San Jose, \abbr{CA,} \abbr{USA}},
  title     = {Getting Our Head in the Clouds: Toward Evaluation Studies of
               Tagclouds},
  pages     = {995--998},
  publisher = acm,
  address   = acm_adr,
  year      = {2007},
}

@article{robins02,
  author    = {Jenny Robins},
  journal   = {Information Research},
  title     = {Affording a Place: The Role of Persistent Structures in
               Social Navigation},
  volume    = {7},
  number    = {3},
  note      = {Retrieved January 23, 2008, from
               \url{http://informationr.net/ir/7-3/paper131.html}},
  year      = {2002},
}

@book{robson93,
  author    = {Colin Robson},
  title     = {Real World Research: A Resource for Social Scientists and
               Practitioner-Researchers},
  isbn      = {0-631-17688-8},
  publisher = {{Blackwell Publishers}},
  address   = {Oxford, UK},
  year      = {1993},
}

@techreport{rosa07,
  author    = {Cathy De Rosa and Joanne Cantrell and Andy Havens
               and Janet Hawk and Lillie Jenkins},
  title     = {Sharing, Privacy and Trust in Our Networked World},
  type      = {A Report to the \abbr{OCLC} Membership},
  number    = {3},
  insititution = {\abbr{OCLC} Online Computer Library Center, Inc.},
  address   = {Dublin, Ohio, \abbr{USA}},
  month     = oct,
  year      = {2007},
}

@article{rosnow89,
  author    = {Ralph L. Rosnow and Robert Rosenthal},
  journal   = {American Psychologist},
  title     = {Statistical Procedures and the Justification of Knowledge in
               Psychological Science},
  volume    = {44},
  number    = {10},
  publisher = {American Psychological Association},
  address   = {Washington, \abbr{DC,} \abbr{USA}},
  year      = {1989},
}

@article{rudd96,
  author    = {Jim Rudd and Ken Stern and Scott Isensee},
  journal   = {interactions},
  title     = {Low vs. High-fidelity Prototyping Debate},
  pages     = {76--85},
  volume    = {3},
  number    = {1},
  publisher = acm,
  address   = acm_adr,
  year      = {1996},
}

@article{sandewall78,
  author    = {Erik Sandewall},
  journal   = {\abbr{ACM} Computing Surveys},
  title     = {Programming in an Interactive Environment:
               the ``Lisp'' Experience},
  pages     = {35--71},
  volume    = {10},
  number    = {1},
  publisher = acm,
  address   = acm_adr,
  year      = {1978},
}

@incollection{schmidt95,
  author    = {Douglas C. Schmidt},
  title     = {Reactor: an object behavioral pattern for concurrent
               event demultiplexing and event handler dispatching},
  booktitle = {Pattern languages of program design},
  pages     = {529--545},
  publisher = {{Addison-Wesley Publishing Company}},
  address   = {Reading, \abbr{MA,} \abbr{USA}},
  year      = {1996},
}

@book{schwartz04,
  author    = {Barry Schwartz},
  title     = {The Paradox of Choice: Why More Is Less},
  isbn      = {0-13-937699-2},
  publisher = {{Ecco}},
  address   = {New York, \abbr{NY,} \abbr{USA}},
  month     = jan,
  year      = {2004},
}

@book{segaran07,
  author    = {Toby Segaran},
  title     = {Programming Collective Intelligence:
               Building Smart Web 2.0 Applications},
  isbn      = {0-596-52932-5},
  publisher = oreilly,
  address   = oreilly_adr,
  month     = aug,
  year      = {2007},
}

@inproceedings{sen06,
  author    = {Shilad Sen and Shyong K. Lam and Al Mamunur Rashid
              and Dan Cosley and Dan Frankowski and Jeremy Osterhouse
              and F. Maxwell Harper and John Riedl},
  booktitle = {\abbr{CSCW} '06: Proceedings of the 2006 20th Anniversary Conference
               on Computer Supported Cooperative Work},
  location  = {Banff, Alberta, Canada},
  title     = {tagging, communities, vocabulary, evolution},
  pages     = {181--190},
  publisher = acm,
  address   = acm_adr,
  year      = {2006},
}

@book{siegel88,
  author    = {Sidney Siegel and Castellan, Jr., N. John},
  title     = {Nonparametric Statistics for Behavioral Sciences},
  edition   = {second},
  isbn      = {0-07-057357-3},
  publisher = {{McGraw-Hill Inc.}},
  address   = {New York, \abbr{NY,} \abbr{USA}},
  year      = {1988},
}

@book{silverman05,
  author    = {David Silverman},
  title     = {Doing Qualitative Research: A Practical Handbook},
  edition   = {second},
  isbn      = {1-412-90197-9},
  publisher = sage_ltd,
  address   = sage_ltd_adr,
  month     = dec,
  year      = {2005},
}

@article{sinclair08,
  author    = {James Sinclair and Michael Cardew-Hall},
  journal   = {Journal of Information Science},
  title     = {The Folksonomy Tag Cloud: When is it Useful?},
  pages     = {15--29},
  volume    = {34},
  number    = {1},
  publisher = sage_inc,
  address   = sage_inc_adr,
  year      = {2008},
}

@book{simpson89,
  editor    = {J. A. Simpson and E. S. C. Weiner},
  title     = {The Oxford English Dictionary},
  edition   = {second},
  isbn      = {0-198-61186-2},
  publisher = {{Clarendon Press}},
  address   = {Oxford, UK},
  year      = {1989},
}

@article{sinha92,
  author    = {Alok Sinha},
  journal   = {Communications of the \abbr{ACM}},
  title     = {Client-Server Computing},
  pages     = {77--98},
  volume    = {35},
  number    = {7},
  publisher = acm,
  address   = acm_adr,
  year      = {1992},
}

@book{sommerville06,
  author    = {Ian Sommerville},
  title     = {Software Engineering},
  edition   = {eight},
  isbn      = {0-321-31379-8},
  publisher = {{Pearson Education}},
  address   = {Upper Saddle River, \abbr{NJ,} \abbr{USA}},
  month     = jun,
  year      = {2006},
}

@article{stamey06,
  author    = {John Stamey and Trent Richardson},
  journal   = {Journal of Computing Sciences in Colleges},
  title     = {Middleware development with \abbr{AJAX}},
  volume    = {22},
  number    = {2},
  publisher = {Consortium for Computing Sciences in Colleges},
  address   = {\abbr{USA}},
  year      = {2006},
}

@inproceedings{stroustrup96,
  author    = {Bjarne Stroustrup},
  booktitle = {\abbr{ICSR} '96: Proceedings of the 4th International
               Conference on Software Reuse},
  title     = {Language-Technical Aspects of Reuse},
  pages     = {11--19},
  publisher = ieee_dc,
  address   = ieee_dc_adr,
  year      = {1996},
}

@book{surowiecki04,
  author    = {James Surowiecki},
  title     = {The Wisdom of Crowds:
               Why the Many Are Smarter Than the Few and How Collective
               Wisdom Shapes Business, Economies, Societies, and Nations},
  isbn      = {0-316-86173-1},
  publisher = {{Little Brown}},
  address   = {London, UK},
  month     = jun,
  year      = {2004},
}

@inproceedings{sutherland63,
  author    = {William Robert Sutherland},
  booktitle = {Proceedings of the \abbr{AFIPS}
               Spring Joint Computer Conference},
  title     = {Sketchpad: A Man-Machined Graphical Communication System},
  pages     = {270--277},
  publisher = acm,
  address   = acm_adr,
  year      = {1999},
}

@phdthesis{svensson03,
  author    = {Martin Svensson},
  title     = {Defining, Designing and Evaluating Social Navigation},
  school    = {Stockholm University},
  note      = {Retrieved December 6, 2007, from
    \url{http://eprints.sics.se/84}},
  year      = {2003},
}

@article{svensson05,
  author    = {Martin Svensson and Kristina H\"{o}\"{o}k and
               Rickard C\"{o}ster},
  journal   = {\abbr{ACM} Transactions on Computer-Human Interaction},
  title     = {Designing and Evaluating Kalas: A Social Navigation
               System for Food Recipes},
  pages     = {374--400},
  volume    = {12},
  number    = {3},
  publisher = acm,
  address   = acm_adr,
  year      = {2005},
}

@misc{tiobe08,
  author    = {TIOBE Software},
  title     = {\abbr{TIOBE} Programming Community Index for April 2008},
  note      = {Retrieved April 7, 2008, from
    \url{http://www.tiobe.com/index.php/content/paperinfo/tpci/index.html}},
  month     = apr,
  year      = {2008},
}

@misc{torvalds07,
  author    = {Linus Torvalds},
  title     = {Tech Talk: Linus Torvalds on Git},
  note      = {Lecture, retrieved April 5, 2008, from
               \url{http://www.youtube.com/watch?v=4XpnKHJAok8}},
  publisher = {Google},
  address   = {Mountain View, \abbr{CA,} \abbr{USA}},
  year      = {2007},
}

@article{treese06,
  author    = {Win Treese},
  journal   = {netWorker},
  title     = {Web 2.0: is it really different?},
  pages     = {15--17},
  volume    = {10},
  number    = {2},
  publisher = acm,
  address   = acm_adr,
  year      = {2006},
}

@book{tufte01,
  author    = {Edward R. Tufte},
  title     = {The Visual Display of Quantitative Information},
  edition   = {second},
  isbn      = {0-961-39214-2},
  publisher = graphics,
  address   = graphics_adr,
  month     = {may},
  year      = {2001},
}

@book{tufte06,
  author    = {Edward R. Tufte},
  title     = {Beautiful Evidence},
  isbn      = {0-961-39217-7},
  publisher = graphics,
  address   = graphics_adr,
  month     = {jul},
  year      = {2006},
}

@misc{veen02,
  author    = {Jeff Veen},
  title     = {Doing a Content Inventory},
  note      = {Retrieved March 25, 2008, from
    \url{http://www.adaptivepath.com/ideas/essays/archives/000040.php}},
  month     = jun,
  year      = {2002},
}

@article{vitali06,
  author    = {Fabio Vitali},
  journal   = {interactions},
  title     = {The next frontier of users' preferences:
               content customization},
  pages     = {38--39},
  volume    = {13},
  number    = {1},
  publisher = acm,
  address   = acm_adr,
  year      = {2006},
}

@manual{w3c99,
  author    = {{W3C \abbr{HTML} Working Group}},
  title     = {\abbr{HTML} 4.01 Specification},
  organization = {The World Wide Web Consortium (W3C)},
  address   = {Biot, France},
  year      = {1999},
}

@manual{w3c02,
  author    = {{W3C \abbr{HTML} Working Group}},
  title     = {\abbr{XHTML}\texttrademark: 1.0 The Extensible
               HyperText Markup Language},
  edition   = {second},
  organization = {The World Wide Web Consortium (W3C)},
  address   = {Biot, France},
  year      = {2002},
}

@article{weare00,
  author    = {Christopher Weare and Wang-Ying Lin},
  journal   = {Social Science Computer Review},
  title     = {Content Analysis of the World Wide Web: Opportunities and
               Challenges},
  pages     = {272--292},
  volume    = {18},
  number    = {3},
  publisher = sage_inc,
  address   = sage_inc_adr,
  year      = {2000},
}

@book{weinberger07,
  author    = {David Weinberger},
  title     = {Everything Is Miscellaneous:
               The Power of the New Digital Disorder},
  isbn      = {0-8050-8043-0},
  publisher = {{Times Books}},
  address   = {New York, \abbr{NY,} \abbr{USA}},
  month     = may,
  year      = {2007},
}

@article{weinreich08,
  author    = {Harald Weinreich and Hartmut Obendorf and Eelco Herder and
               Matthias Mayer},
  journal   = {\abbr{ACM} Transactions on the Web},
  title     = {Not Quite the Average: An Empirical Study of Web Use},
  pages     = {1--31},
  volume    = {2},
  number    = {1},
  publisher = acm,
  address   = acm_adr,
  year      = {2008},
}

@article{weiss05,
  author    = {Aaron Weiss},
  journal   = {netWorker},
  title     = {The Power of Collective Intelligence},
  pages     = {16--23},
  volume    = {9},
  number    = {3},
  publisher = acm,
  address   = acm_adr,
  month     = apr,
  year      = {2005},
}

@inproceedings{wexelblat99,
  author    = {Wexelblat, Alan and Maes, Pattie},
  booktitle = {\abbr{CHI} '99: Proceedings of the \abbr{SIGCHI} conference
               on Human factors in computing systems},
  title     = {Footprints: History-Rich Tools for Information Foraging},
  pages     = {270--277},
  publisher = acm,
  address   = acm_adr,
  year      = {1999},
}

@inproceedings{whiteside85,
  author    = {John Whiteside and Sandra Jones and Paula S. Levy and
               Dennis Wixon},
  booktitle = {\abbr{CHI} '85: Proceedings of the \abbr{SIGCHI} conference
               on Human factors in computing systems},
  title     = {User performance with command, menu, and iconic interfaces},
  pages     = {185--191},
  publisher = acm,
  address   = acm_adr,
  year      = {1985},
}

@article{whitman69,
  author    = {Alden Whitman},
  journal   = {The New York Times},
  title     = {Obituary: Mies van der Rohe Dies at 83;
               Leader of Modern Architecture},
  note      = {Retrieved April 21, 2008, from
    \url{http://www.nytimes.com/learning/general/onthisday/bday/0327.html}},
  publisher = {The New York Times Company},
  address   = {New York, \abbr{NY,} \abbr{USA}},
  month     = aug,
  year      = {1969},
}

@article{why06,
  author    = {{Why the Lucky Stiff}},
  journal   = {RedHanded: Sneaking Ruby Through the System},
  title     = {Hpricot 0.1},
  note      = {Retrieved February 27, 2008, from
    \url{http://redhanded.hobix.com/inspect/hpricot01.html}},
  month     = jul,
  year      = {2006},
}

@article{wikipedia08cache,
  author    = {Wikipedia},
  journal   = {Wikipedia: The Free Encyclopedia},
  title     = {Cache},
  note      = {Retrieved June 3, 2008, from
               \url{http://en.wikipedia.org/w/index.php?title=
                    Cache&oldid=216197897}},
  month     = may,
  year      = {2008},
}

@article{wikipedia08latent,
  author    = {Wikipedia},
  journal   = {Wikipedia: The Free Encyclopedia},
  title     = {Latent Typing},
  note      = {Retrieved March 4, 2008, from
               \url{http://en.wikipedia.org/w/index.php?title=
                    Latent_typing&oldid=195222646}},
  month     = mar,
  year      = {2008},
}

@article{wikipedia08mashup,
  author    = {Wikipedia},
  journal   = {Wikipedia: The Free Encyclopedia},
  title     = {Mashup (music)},
  note      = {Retrieved April 8, 2008, from
               \url{http://en.wikipedia.org/w/index.php?title=
                    Mashup_\%28music\%29&oldid=204280292}},
  month     = apr,
  year      = {2008},
}

@article{wikipedia08scalability,
  author    = {Wikipedia},
  journal   = {Wikipedia: The Free Encyclopedia},
  title     = {Scalability},
  note      = {Retrieved April 4, 2008, from
               \url{http://en.wikipedia.org/w/index.php?title=
                    Scalability&oldid=201554428}},
  month     = apr,
  year      = {2008},
}

@article{wikipedia08tagcloud,
  author    = {Wikipedia},
  journal   = {Wikipedia: The Free Encyclopedia},
  title     = {Tag Cloud},
  note      = {Retrieved May 11, 2008, from
               \url{http://en.wikipedia.org/w/index.php?title=
                    Tag_cloud&oldid=207819253}},
  month     = apr,
  year      = {2008},
}

@inproceedings{wilson79,
  author    = {John C. Wilson},
  booktitle = {\abbr{APL} '79: Proceedings of the International Conference on
               \abbr{APL}: Part 1},
  location  = {New York, \abbr{NY,} \abbr{USA}},
  title     = {\abbr{APL} and a Black-Box Theory of Electric Circuits},
  pages     = {171--175},
  publisher = acm,
  address   = acm_adr,
  year      = {1979},
}

@book{wodtke02,
  author    = {Christina Wodtke},
  title     = {Information Architecture: Blueprints for the Web},
  isbn      = {0-735-71250-6},
  publisher = {{New Riders Press}},
  address   = {Indianapolis, \abbr{IN,} \abbr{USA}},
  month     = oct,
  year      = {2002},
}

@inproceedings{wu06,
  author    = {Harris Wu and Mohammad Zubair and Kurt Maly},
  booktitle = {\abbr{HYPERTEXT} '06: Proceedings of the Seventeenth Conference on
               Hypertext and Hypermedia},
  location  = {Odense, Denmark},
  title     = {Harvesting Social Knowledge from Folksonomies},
  pages     = {111--114},
  publisher = acm,
  address   = acm_adr,
  year      = {2006},
}

@misc{xiti08,
  author    = {{XiTi Monitor}},
  title     = {Mozilla Firefox \`{a} la lisi\`{e}re des 29\%
               d´utilisation dans les pays europ\'{e}ens},
  note      = {Press release, retrieved July 16, 2008, from
               \url{http://www.xitimonitor.com/fr-fr/barometre-des
                    -navigateurs/firefox-mars-2008/index-1-1-3-127.html}},
  month     = mar,
  year      = {2008},
}

@inproceedings{xu06,
  author    = {Wen Xu and Karel Kreijns and Jun Hu},
  booktitle = {Edutainment '06: Proceedings of the First International
               Conference on Edutainment},
  title     = {Designing Social Navigation for
               a Virtual Community of Practice},
  pages     = {27--38},
  publisher = springer_b,
  address   = springer_b_adr,
  year      = {2006},
}

@article{yakovlev07,
  author    = {Ilya V. Yakovlev},
  journal   = {IT Professional},
  title     = {Web 2.0: Is It Evolutionary or Revolutionary?},
  pages     = {43--45},
  volume    = {9},
  number    = {6},
  publisher = ieee_nj,
  address   = ieee_nj_adr,
  year      = {2007},
}

@inproceedings{jazayeri07,
  author    = {Mehdi Jazayeri},
  booktitle = {\abbr{FOSE} '07: 2007 Future of Software Engineering},
  title     = {Some Trends in Web Application Development},
  pages     = {199--213},
  publisher = ieee_dc,
  address   = ieee_dc_adr,
  year      = {2007},
}

@article{yegge07,
  author    = {Steve Yegge},
  journal   = {Stevey's Blog Rants},
  title     = {Code's Worst Enemy},
  note      = {Retrieved March 4, 2008, from
    \url{http://steve-yegge.blogspot.com/2007/12/codes-worst-enemy.html}},
  month     = aug,
  year      = {2005},
}

@misc{zygmuntowicz08,
  author    = {Ezra Zygmuntowicz},
  title     = {Strengthening the Ruby Ecosystem\dash{}Part II: Merb},
  note      = {Presentation at the MountainWest RubyConf 2008.
               Retrieved April 16, 2008, from
               \url{http://mtnwestrubyconf2008.confreaks.com/
                    02zygmuntowicz.html}},
  month     = mar,
  year      = {2008},
}
