%% This BibTeX bibliography file was created using BibDesk.
%% http://bibdesk.sourceforge.net/


%% Created for Gary L. Gray at 2006-04-12 19:28:23 -0400 


%% Saved with string encoding Western (ASCII) 



@article{DaviesMoon-1993-3-D-Spatial-Cha-0,
	Author = {Davies, M. A. and Moon, F. C.},
	Date-Added = {2006-04-12 19:28:21 -0400},
	Date-Modified = {2006-04-12 19:28:21 -0400},
	Journal = {Chaos},
	Number = {1},
	Pages = {93-99},
	Title = {3-D Spatial Chaos in the Elastica and the Spinning Top: Kirchhoff Analogy},
	Volume = {3},
	Year = {1993}}

@article{Tonkin-1980-A-Basic-Attitud-0,
	Author = {Tonkin, S. W.},
	Date-Added = {2006-04-12 19:28:21 -0400},
	Date-Modified = {2006-04-12 19:28:21 -0400},
	Journal = {Automatica},
	Pages = {415-418},
	Title = {A Basic Attitude Instability of Spacecraft with Imperfect Momentum Wheels},
	Volume = {16},
	Year = {1980}}

@article{Matsumoto-1984-A-Chaotic-Attra-0,
	Author = {Matsumoto, T.},
	Date-Added = {2006-04-12 19:28:21 -0400},
	Date-Modified = {2006-04-12 19:28:21 -0400},
	Journal = {IEEE Transactions on Circuits and Systems},
	Number = {12},
	Pages = {1055-1058},
	Title = {A Chaotic Attractor from Chua's Circuit},
	Volume = {CAS-31},
	Year = {1984}}

@inproceedings{MacKay-1988-A-Criterion-for-0,
	Address = {Bologna, Italy},
	Author = {MacKay, R. S.},
	Booktitle = {Conference on Nonlinear Dynamics},
	Date-Added = {2006-04-12 19:28:21 -0400},
	Date-Modified = {2006-04-12 19:28:21 -0400},
	Editor = {Turchetti, G.},
	Pages = {44-56},
	Publisher = {World Scientific},
	Title = {A Criterion for Non-Existence of Invariant Tori for Hamiltonian Systems},
	Year = {1988}}

@article{FreundNix-1996-A-Critical-Thic-0,
	Author = {Freund, L. B. and Nix, W. D.},
	Date-Added = {2006-04-12 19:28:21 -0400},
	Date-Modified = {2006-04-12 19:28:21 -0400},
	Journal = {Applied Physics Letters},
	Number = {2},
	Pages = {173-175},
	Title = {A Critical Thickness Condition for a Strained Compliant Substrate/Epitaxial Film System},
	Volume = {69},
	Year = {1996}}

@inproceedings{MarsdenHolmes-1979-A-Horseshoe-in--0,
	Address = {New York},
	Author = {Marsden, J. and Holmes, P. J.},
	Booktitle = {International Conference on Nonlinear Dynamics},
	Date-Added = {2006-04-12 19:28:21 -0400},
	Date-Modified = {2006-04-12 19:28:21 -0400},
	Editor = {Helleman, R. H. G.},
	Pages = {313-321},
	Publisher = {Annals of the New York Academy of Sciences},
	Title = {A Horseshoe in the Dynamics of a Forced Beam},
	Volume = {357},
	Year = {1979}}

@article{Koiller-1984-A-Mechanical-Sy-0,
	Author = {Koiller, J.},
	Date-Added = {2006-04-12 19:28:21 -0400},
	Date-Modified = {2006-04-12 19:28:21 -0400},
	Journal = {Journal of Mathematics and Physics},
	Number = {5},
	Pages = {1599-1604},
	Title = {A Mechanical System with a ``Wild'' Horseshoe},
	Volume = {25},
	Year = {1984}}

@article{TsiotrasLonguski-1995-A-New-Parameter-0,
	Author = {Tsiotras, P. and Longuski, J. M.},
	Date-Added = {2006-04-12 19:28:21 -0400},
	Date-Modified = {2006-04-12 19:28:21 -0400},
	Journal = {The Journal of the Astronautical Sciences},
	Number = {3},
	Pages = {243-262},
	Title = {A New Parameterization of the Attitude Kinematics},
	Volume = {43},
	Year = {1995}}

@article{ShimadaNagashima-1979-A-Numerical-App-0,
	Author = {Shimada, I. and Nagashima, T.},
	Date-Added = {2006-04-12 19:28:21 -0400},
	Date-Modified = {2006-04-12 19:28:21 -0400},
	Journal = {Progress of Theoretical Physics},
	Keywords = {Lyapunov characteristic exponents},
	Number = {6},
	Pages = {1605-1616},
	Title = {A Numerical Approach to Ergodic Problem of Dissipative Dynamical Systems},
	Volume = {61},
	Year = {1979}}

@article{SmithDavenport-1988-A-Perturbation--0,
	Author = {Smith, P. and Davenport, N. M.},
	Date-Added = {2006-04-12 19:28:21 -0400},
	Date-Modified = {2006-04-12 19:28:21 -0400},
	Journal = {Dynamics and Stability of Systems},
	Number = {4},
	Pages = {167-182},
	Title = {A Perturbation Method for Saddle Connections and Homoclinic Bifurcation in Duffing's Equation},
	Volume = {2},
	Year = {1988}}

@article{Ketema-1992-A-Physical-Inte-0,
	Author = {Ketema, Y.},
	Date-Added = {2006-04-12 19:28:21 -0400},
	Date-Modified = {2006-04-12 19:28:21 -0400},
	Journal = {International Journal of Bifurcation and Chaos},
	Number = {1},
	Pages = {1-9},
	Title = {A Physical Interpretation of Melnikov's Method},
	Volume = {2},
	Year = {1992}}

@article{GraesserCozzarelli-1994-A-Proposed-Thre-0,
	Author = {Graesser, E. J. and Cozzarelli, F. A.},
	Date-Added = {2006-04-12 19:28:21 -0400},
	Date-Modified = {2006-04-12 19:28:21 -0400},
	Journal = {Journal of Intelligent Material Systems and Structures},
	Pages = {78-89},
	Title = {A Proposed Three-Dimensional Constitutive Model for Shape Memory Alloys},
	Volume = {5},
	Year = {1994}}

@article{RichardsonMitchell-1999-A-Simplified-Va-0,
	Author = {Richardson, D. L. and Mitchell, J. W.},
	Date-Added = {2006-04-12 19:28:21 -0400},
	Date-Modified = {2006-04-12 19:28:21 -0400},
	Journal = {Journal of Applied Mechanics},
	Pages = {273-276},
	Title = {A Simplified Variation of Parameters Approach to Euler's Equations},
	Volume = {66},
	Year = {1999}}

@inproceedings{MitchellRichardson-1999-A-Simplified-Va-0,
	Address = {Girdwood, Alaska},
	Author = {Mitchell, J. W. and Richardson, D. L.},
	Booktitle = {AAS/AIAA Astrodynamics Specialist Conference},
	Date-Added = {2006-04-12 19:28:21 -0400},
	Date-Modified = {2006-04-12 19:28:21 -0400},
	Title = {A Simplified Variation of Parameters Solution for the Motion of an Arbitrarily-Torqued Asymmetric Rigid Body},
	Year = {1999}}

@inproceedings{Parks-1967-A-Stability-Cri-0,
	Address = {University of Puerto Rico},
	Author = {Parks, P. C.},
	Booktitle = {Differential Equations and Dynamical Systems},
	Date-Added = {2006-04-12 19:28:21 -0400},
	Date-Modified = {2006-04-12 19:28:21 -0400},
	Editor = {Hale, J. K. and Lasalle, J. P.},
	Pages = {287-298},
	Title = {A Stability Criterion for a Panel Flutter Prolem via the Second Method of Liapunov},
	Year = {1967}}

@inproceedings{HsuLee-1971-A-Stability-Stu-0,
	Address = {Herrenalb, Germany},
	Author = {Hsu, C. S. and Lee, T. H.},
	Booktitle = {IUTAM Symposium, Instability of Continuous Systems},
	Date-Added = {2006-04-12 19:28:21 -0400},
	Date-Modified = {2006-04-12 19:28:21 -0400},
	Editor = {Leipholz, H.},
	Pages = {112-118},
	Publisher = {Springer-Verlag},
	Title = {A Stability Study of Continuous Systems under Parametric Excitation via Liapunov's Direct Method},
	Year = {1971}}

@article{BhattacharyaJames-1999-A-Theory-of-Thi-0,
	Author = {Bhattacharya, K. and James, R. D.},
	Date-Added = {2006-04-12 19:28:21 -0400},
	Date-Modified = {2006-04-12 19:28:21 -0400},
	Journal = {Journal of the Mechanics and Physics of Solids},
	Pages = {531-576},
	Title = {A Theory of Thin Films of Martensitic Materials with Applications to Microactuators},
	Volume = {47},
	Year = {1999}}

@article{RimrottJanabi-Sharifi-1992-A-Torque-Free-F-0,
	Author = {Rimrott, F. P. J. and Janabi-Sharifi, F.},
	Date-Added = {2006-04-12 19:28:21 -0400},
	Date-Modified = {2006-04-12 19:28:21 -0400},
	Journal = {Journal of Applied Mechanics},
	Pages = {7-15},
	Title = {A Torque-Free Flexible Model Gyro},
	Volume = {59},
	Year = {1992}}

@article{Muller-PfeifferKranenburg-1992-A-Two-Dimension-0,
	Author = {M{\"u}ller-Pfeiffer, S. and van Kranenburg, H. and Lodder, J. C.},
	Date-Added = {2006-04-12 19:28:21 -0400},
	Date-Modified = {2006-04-12 19:28:21 -0400},
	Journal = {Thin Solid Films},
	Pages = {143-153},
	Title = {A Two-Dimensional Monte Carlo Model for Thin Growth by Oblique Evaporation: Simulation of Two-Component Systems for the Example of Co-Cr},
	Volume = {213},
	Year = {1992}}

@article{HashinShtrikman-1963-A-Variational-A-0,
	Author = {Hashin, Z. and Shtrikman, S.},
	Date-Added = {2006-04-12 19:28:21 -0400},
	Date-Modified = {2006-04-12 19:28:21 -0400},
	Journal = {Journal of the Mechanics and Physics of Solids},
	Pages = {127-140},
	Title = {A Variational Approach to the Theory of the Elastic Bahaviour of Multiphase Materials},
	Volume = {11},
	Year = {1963}}

@inproceedings{Junkins-1997-Adventures-on-t-0,
	Address = {Reno, Nevada},
	Author = {Junkins, J. L.},
	Booktitle = {Aerospace Sciences Meeting},
	Date-Added = {2006-04-12 19:28:21 -0400},
	Date-Modified = {2006-04-12 19:28:21 -0400},
	Pages = {1058-1071},
	Title = {Adventures on the Interface of Dynamics and Control},
	Volume = {20},
	Year = {1997}}

@article{Melnikov-1963-On-the-Stabilit-a,
	Author = {Melnikov, V. K.},
	Date-Modified = {2005-02-24 21:32:18 -0500},
	Journal = {Transactions of the Moscow Mathematical Society},
	Pages = {1-56},
	Title = {On the Stability of the Center for Time-Periodic Perturbations},
	Volume = {12},
	Year = {1963}}

@comment{BibDesk Smart Groups{
<?xml version="1.0" encoding="UTF-8"?>
<!DOCTYPE plist PUBLIC "-//Apple Computer//DTD PLIST 1.0//EN" "http://www.apple.com/DTDs/PropertyList-1.0.dtd">
<plist version="1.0">
<array/>
</plist>
}}
