@article{p1,
	title={汇率制度理论的新发展: 文献综述},
	author={张志超},
	journal={世界经济},
	volume={1},
	number={1},
	year={2002},
	lang = {chinese}
}

@article{p2,
  title={生产性服务业与制造业互动发展: 文献综述},
  author={顾乃华 and 毕斗斗 and 任旺兵},
  journal={经济学家},
  volume={6},
  number={6},
  pages={35--41},
  year={2006},
  lang = {chinese}
}

@phdthesis{p3,
  title={企业创新网络的进化与治理: 一个文献综述},
  author={王大洲},
  year={2001},
  lang = {chinese}
}



@article{p4,
  title={粒子濾波算法綜述},
  author={胡士強 and 敬忠良},
  journal={控制與決策},
  volume={20},
  number={4},
  pages={361--365},
  year={2005},
  publisher={控制與決策編輯部},
  lang = {chinese}
}
@article{p5,
	title={收敛还是发散?——中国区域经济发展争论的文献综述},
	author={刘夏明 and 魏英琪 and 李国平},
	journal={经济研究},
	volume={7},
	number={7},
	year={2004},
	lang = {chinese}
}