@article{f1,
  title={Patients' waiting time and doctors' idle time in the outpatient setting},
  author={Fetter and Robert and Thompson, John D},
  journal={Health services research},
  volume={1},
  number={1},
  pages={66},
  year={1966},
  publisher={Health Research \& Educational Trust}
}

@article{f2,
  title={A queueing problem in which the arrival times of the customers are scheduled},
  author={Mercer and Ater},
  journal={Journal of the Royal Statistical Society. Series B (Methodological)},
  pages={108--113},
  year={1960},
  publisher={JSTOR}
}

@article{f3,
  title={Choosing a good appointment systemâ€”a study of queues of the type (D, M, 1)},
  author={Jansson and Birger},
  journal={Operations Research},
  volume={14},
  number={2},
  pages={292--312},
  year={1966},
  publisher={INFORMS}
}

@article{f4,
  title={Comparison of two scheduling systems},
  author={Soriano and Alfonso},
  journal={Operations Research},
  volume={14},
  number={3},
  pages={388--397},
  year={1966},
  publisher={INFORMS}
}

@article{f5,
  title={Determination of optimal variable-sized multiple-block appointment systems},
  author={Fries and Brant E and Marathe and Vijay P},
  journal={Operations Research},
  volume={29},
  number={2},
  pages={324--345},
  year={1981},
  publisher={INFORMS}
}

@article{f6,
  title={Optimal outpatient appointment scheduling},
  author={Kaandorp and Guido C and Koole and Ger},
  journal={Health Care Management Science},
  volume={10},
  number={3},
  pages={217--229},
  year={2007},
  publisher={Springer}
}

@article{f7,
  title={A stochastic overbooking model for outpatient clinical scheduling with no-shows},
  author={Muthuraman and Kumar and Lawley and Mark},
  journal={Iie Transactions},
  volume={40},
  number={9},
  pages={820--837},
  year={2008},
  publisher={Taylor \& Francis}
}

@article{f8,
  title={General system theory},
  author={Von Bertalanffy and Ludwig},
  journal={New York},
  volume={41973},
  number={1968},
  pages={40},
  year={1968}
}

@article{f9,
  title={The Mex-Tex mine, Bingham, New Mexico},
  author={De Mark and Ramon S and Massis and Thomas M},
  journal={Mineralogical Record},
  volume={30},
  number={5},
  pages={335},
  year={1999},
  publisher={Mineralogical Record}
}
