@BOOK{BiBTest,
  author =       {Along},
  title =        {测试BiB},
  source =       {https://github.com/AlongWY/Latex_Templates},
}
