@book{Matthews201111,
	title = {Beginning Android Tablet Programming (Beginning Apress)},
	author = {Robbie Matthews},
	publisher = {Apress},
	year={2011},
	edition={1},
	isbn={9781430237839},
	price={$39.99},
	totalpages={292},
	timestamp={2012.05.22},
}
