@article{dummy,
			author = {C. Dummy},
			title = "{IST Thesis Template Dummy Reference}",
			year = 2011,
			journal = {NEBM}
}

@misc{site,
      author = {R. Dummy},
      journal = {The Latex News},
      title = "{How to write a Latex Article}",
      year = 2011,
      month = {August},
      day = {23},
      howpublished = "\url{http://www.biopsychiatry.com/misc/genetic-defects.html}"
}

@misc{wiki,
      journal = {Wikimedia Foundation, Inc.},
      title = "{Wikipedia}",
      year = 2011,
      howpublished = "\url{http://www.wikipedia.org}"
}