@Book{h2g2,
  author =    {Adams, Douglas},
  title =     {The Hitchhiker's Guide to the Galaxy},
  publisher = {Del Rey (reprint)},
  year =      1995,
  note =      {ISBN-13: 978-0345391803}}

@Book{pratchett06:_good_omens,
  author =    {Pratchett, Terry and Gaiman, Neil},
  title =     {Good Omens:
               \emph{The Nice and Accurate Prophecies of Agnes Nutter, Witch}},
  publisher = {HarperTorch (reprint)},
  year =      2006,
  note =      {ISBN-13: 978-0060853983}}

@Misc{wiki,
  author =       {Wikipedia},
  title =        {Scriptie},
  howpublished = {URL: \url{http://nl.wikipedia.org/wiki/Masterproef},
                  laatst nagekeken op 2010-01-07}}
