% Encoding: UTF-8

%https://heim.ifi.uio.no/~dag/latex-links/biblatex-guide.pdf

% \cite{OtagoPol55:online} ==> [8]
% \cite{OtagoPol25:online,OtagoPol94:online} ==> [9,1]
% \cite[44]{OtagoPol55:online} ==> [8, p.44]
% \cite[prefix histo22][]{Ourhisto22:online} ==> [prefix histo22 10]
% \cite[prefix Gitlab54][Postfix Gitlab54]{GitLab54:online} ==> [prefix Gitlab54 4, Postfix Gitlab54]
% \citetitle{Ourhisto22:online} ==> Our history - Otago Polytechnic
% \citeurl{OtagoPol25:online} ==> https://www.google.be/maps/place/Otago+Polytechnic/@-45.866225,170.5161163,17z/data=!3m1!4b1!4m5!3m4!1s0xa82eac69c7dde82b:0xc1794179fb2789e!8m2!3d-45.866225!4d170.518305
% \parencite{Ourhisto22:online} ==> [10]


@online{OtagoPol55:online,
  title        = {Otago Polytechnic},
  %date         = {2005-10-16},
  url          = {https://www.op.ac.nz/},
  %subtitle     = {The {B} to {X} of {BibTeX}},
  %version      = {1.3},
  %urldate      = {2006-10-01},
  %langid       = {english},
  %langidopts   = {variant=american},
  %sorttitle    = {Tame the Beast},
  %annotation   = {An \texttt{online} entry for a tutorial. Note the format of                  the \texttt{date} field (\texttt{yyyy-mm-dd}) in the database                  file.},
}

@online{OtagoPol25:online,
title = {Otago Polytechnic - Google Maps},
url = {https://www.google.be/maps/place/Otago+Polytechnic/@-45.866225,170.5161163,17z/data=!3m1!4b1!4m5!3m4!1s0xa82eac69c7dde82b:0xc1794179fb2789e!8m2!3d-45.866225!4d170.518305},
}

@online{Ourhisto22:online,
title = {Our history - Otago Polytechnic},
url = {https://www.op.ac.nz/about-us/governance-and-management/httpswww-youtube-comembeddgf2u8-oibcautoplay1-and-rel0-and-iv-load-policy3/},
}

@online{OtagoPol94:online,
title = {De officiële facebookpagina van Otago Polytechnic},
url = {https://www.facebook.com/OtagoPoly/},
}

@online{SilverSt29:online,
title = {SilverStripe » the open source CMS that empowers great web teams »},
url = {https://www.silverstripe.org/},
}

@online{GitLab54:online,
title = {GitLab Government New Zealand},
url = {https://gitlab.cwp.govt.nz/},
}

@online{SassSynt65:online,
title = {Sass: Syntactically Awesome Style Sheets},
url = {http://sass-lang.com/},
}

@online{OnlineCo36:online,
title = {Online Courses - Anytime, Anywhere | Udemy},
url = {https://www.udemy.com/},
}

@online{ModernRe45:online,
title = {Modern React with Redux | Udemy},
url = {https://www.udemy.com/react-redux/learn/v4/overview},
}

@online{LearnRea2:online,
title = {Learn React : The World's Most Lucrative JavaScript Library | Udemy},
url = {https://www.udemy.com/learn-react-the-worlds-most-lucrative-javascript-library/learn/v4/overview},
}

@online{ReactAJa76:online,
title = {React - A JavaScript library for building user interfaces},
url = {https://facebook.github.io/react},
}

@online{ReadMeR40:online,
title = {Read Me - Redux},
url = {http://redux.js.org/},
}

@online{GitHub41:online,
title = {GitHub},
url = {https://github.com/},
}

@online{ReactRou6:online,
title = {React Router: Declarative Routing for ReactJS},
url = {https://reacttraining.com/react-router/},
}

@online{reactrou84:online,
title = {react-router-redux},
url = {https://www.npmjs.com/package/react-router-redux},
}

@online{Gettings15:online,
title = {Getting started with writing and formatting on GitHub - User Documentation},
url = {https://help.github.com/articles/getting-started-with-writing-and-formatting-on-github/},
}

@online{ServiceW21:online,
title = {Service Workers: an Introduction | Web | Google Developers},
url = {https://developers.google.com/web/fundamentals/getting-started/primers/service-workers#you_need_https},
}

@online{ReduxFor7:online,
title = {Redux Form - Redux Form},
url = {http://redux-form.com/},
}


@online{MockupWi50:online,
title = {Mock-up - Wikipedia},
url = {https://nl.wikipedia.org/wiki/Mock-up},
}

 @online{DexiejsM54:online,
 title = {Dexie.js - Minimalistic IndexedDB Wrapper},
 url = {http://dexie.org/},
 }

 @online{NekRoffl1:online,
 title = {NekR/offline-plugin: Offline plugin (ServiceWorker, AppCache) for webpack (http://webpack.github.io/)},
 url = {https://github.com/NekR/offline-plugin},
 }

% @online{,
% title = {},
% url = {},
% }
% @online{,
% title = {},
% url = {},
% }


% @article{ctan,
% author  = {George D. Greenwade},
% title   = {The {C}omprehensive {T}ex {A}rchive {N}etwork ({CTAN})},
% year    = 1993,
% journal = {TUGBoat},
% volume  = 14,
% number  = 3,
% pages   = {342-351},
% keywords  = {latex}
% }



% @book{companion,
%   author       = {Goossens, Michel and Mittelbach, Frank and Samarin, Alexander},
%   title        = {The {LaTeX} Companion},
%   date         = 1994,
%   edition      = 1,
%   publisher    = {Addison-Wesley},
%   location     = {Reading, Mass.},
%   pagetotal    = 528,
%   langid       = {english},
%   langidopts   = {variant=american},
%   sorttitle    = {LaTeX Companion},
%   indextitle   = {LaTeX Companion, The},
%   shorttitle   = {LaTeX Companion},
%   annotation   = {A book with three authors. Note the formatting of the author
%                   list. By default, only the first name is reversed in the
%                   bibliography},
% }

% @book{latexcompanion,
% author    = {Michel Goossens and Frank Mittelbach and Alexander Samarin},
% title     = {The \LaTeX\ Companion},
% year      = 1993,
% publisher = {Addison-Wesley},
% address   = {Reading, Massachusetts},
% keywords  = {latex}
% }

% @manual{cms,
%   title        = {The {Chicago} Manual of Style},
%   date         = 2003,
%   subtitle     = {The Essential Guide for Writers, Editors, and Publishers},
%   edition      = 15,
%   publisher    = {University of Chicago Press},
%   location     = {Chicago, Ill.},
%   isbn         = {0-226-10403-6},
%   label        = {CMS},
%   langid       = {english},
%   langidopts   = {variant=american},
%   sorttitle    = {Chicago Manual of Style},
%   indextitle   = {Chicago Manual of Style, The},
%   shorttitle   = {Chicago Manual of Style},
%   annotation   = {This is a \texttt{manual} entry without an \texttt{author} or
%                   \texttt{editor}. Note the \texttt{label} field in the database
%                   file which is provided for author-year citation styles. Also
%                   note the \texttt{sorttitle} and \texttt{indextitle} fields. By
%                   default, all entries without an \texttt{author} or
%                   \texttt{editor} are alphabetized by \texttt{title} but we want
%                   this entry to be alphabetized under \enquote*{C} rather than
%                   \enquote*{T}. There's also an \texttt{isbn} field},
% }

% @Misc{Wikipedia,
%   author        = {Wikipedia},
%   title         = {Scriptie},
%   howpublished  = {URL: \url{http://nl.wikipedia.org/wiki/Masterproef}, laatst nagekeken op 2010-01-07},
%   __markedentry = {[filipve:]},
% }

% @online{ctan,
%   title        = {CTAN},
%   date         = {2006},
%   url          = {http://www.ctan.org},
%   subtitle     = {The {Comprehensive TeX Archive Network}},
%   urldate      = {2006-10-01},
%   label        = {CTAN},
%   langid       = {english},
%   langidopts   = {variant=american},
%   annotation   = {This is an \texttt{online} entry. The \textsc{url}, which is
%                   given in the \texttt{url} field, is transformed into a
%                   clickable link if \texttt{hyperref} support has been
%                   enabled. Note the format of the \texttt{urldate} field
%                   (\texttt{yyyy-mm-dd}) in the database file. Also note the
%                   \texttt{label} field which may be used as a fallback by
%                   citation styles which need an \texttt{author} and\slash or a
%                   \texttt{year}},
% }


% @online{markey,
%   author       = {Markey, Nicolas},
%   title        = {Tame the {BeaST}},
%   date         = {2005-10-16},
%   url          = {http://tug.ctan.org/tex-archive/info/bibtex/tamethebeast/ttb_en.pdf},
%   subtitle     = {The {B} to {X} of {BibTeX}},
%   version      = {1.3},
%   urldate      = {2006-10-01},
%   langid       = {english},
%   langidopts   = {variant=american},
%   sorttitle    = {Tame the Beast},
%   annotation   = {An \texttt{online} entry for a tutorial. Note the format of
%                   the \texttt{date} field (\texttt{yyyy-mm-dd}) in the database
%                   file.},
% }

% @ONLINE {ugent,
% author = {UGENT},
% title  = {Recto verso praktische gids voor word en latex},
% url    = {http://www.ugent1010.be/sites/default/files/Recto%20verso%20praktische%20gids%20voor%20Word%20en%20LaTEX.pdf}
% }

% @ONLINE {wilson,
% author = {Wilson},
% title  = {wilson memoir class},
% url    = {https://www.tug.org/pracjourn/2006-3/wilson/wilson.pdf}
% }

% @ONLINE {astoeckel,
% author = {Astoeckel},
% title  = {Smart thesis template},
% url    = {https://github.com/astoeckel/smart-thesis}
% }
% @ONLINE {texblog,
% author = {texblog},
% title  = {fancy-latex-chapter-styles},
% month  = 07,
% year   = 2012,
% url    = {http://texblog.org/2012/07/03/fancy-latex-chapter-styles/}
% }

% @ONLINE {memman,
% author = {memman},
% title  = {memoir pdf class handleiding},
% url    = {http://tug.ctan.org/macros/latex/contrib/memoir/memman.pdf}
% }
% @ONLINE {madsen,
% author = {madsen},
% title  = {Styling pages with memoir class},
% url    = {https://tug.org/pracjourn/2008-2/madsen/madsen.pdf}
% }
% @ONLINE {ftpdante,
% author = {ftp dante},
% title  = {MemoirChapStyles},
% url    = {ftp://ftp.dante.de/tex-archive/info/MemoirChapStyles/MemoirChapStyles.pdf}
% }
% @ONLINE {stackexchange,
% author = {stackexchange},
% title  = {StackExchange creating a common settings file},
% url    = {http://tex.stackexchange.com/questions/35854/creating-a-common-settings-file}
% }
% @ONLINE {texarchive,
% author = {tex archive},
% title  = {latex titlepages},
% url    = {ftp://ftp.es.freshrpms.net/mirror/tex-archive/info/latex-samples/TitlePages/titlepages.pdf}
% }
% @ONLINE {stackexchange2,
% author = {stackexchange},
% title  = {table-of-contents-dots-and-title stackexchange},
% url    = {http://tex.stackexchange.com/questions/62213/table-of-contents-dots-and-title}
% }
% @ONLINE {hstuart,
% author = {hstuart},
% title  = {styling-the-table-of-contents},
% url    = {https://hstuart.dk/2007/05/26/styling-the-table-of-contents/}
% }
% @ONLINE {texacuk,
% author = {tex ac uk},
% title  = {FAQ-secnumdep.html},
% url    = {http://www.tex.ac.uk/FAQ-secnumdep.html}
% }
% @ONLINE {stackoverflow,
% author = {stackoverflow},
% title  = {how-to-make-chapter-section-and-subsection-appear-in-the-table-of-contents},
% url    = {http://stackoverflow.com/questions/4002329/how-to-make-chapter-section-and-subsection-appear-in-the-table-of-contents}
% }
% @ONLINE {pracjourn2008,
% author = {pracjourn},
% title  = {Writing a thesis with latex},
% year   = 2008,
% url    = {https://tug.org/pracjourn/2008-1/mori/mori.pdf}
% }
% @ONLINE {turon,
% author = {turon},
% title  = {turon thesis},
% url    = {https://people.mpi-sws.org/~turon/turon-thesis.pdf}
% }
% @online {kuleuven,
% author = {kuleuven},
% title  = {Thesis schrijven met kuleuven template in latex},
% url    = {http://wet.kuleuven.be/studenten/masterproef/vorm}
% }
% @online {deprintshop,
% author = {deprintshop},
% title  = {tips over thesis van deprintshop.be},
% url    = {http://deprintshop.be/aanbod/eindwerk}
% }

% @online{texacuka,
%   author = {texacuk},
%   title  = {FAQ-appendix.html},
%   url    = {http://www.tex.ac.uk/FAQ-appendix.html},
% }
% @online {vub,
% author = {vub},
% title  = {vub thesis schrijven handleiding},
% url    = {http://www.vub.ac.be/wetenschapswinkel/HandleidingWeWi_def.pdf}
% }

% @report{chiu,
%   author       = {Chiu, Willy W. and Chow, We Min},
%   title        = {A Hybrid Hierarchical Model of a {Multiple Virtual Storage}
%                   ({MVS}) Operating System},
%   type         = {resreport},
%   institution  = {IBM},
%   date         = 1978,
%   number       = {RC-6947},
%   langid       = {english},
%   langidopts   = {variant=american},
%   sorttitle    = {Hybrid Hierarchical Model of a Multiple Virtual Storage (MVS)
%                   Operating System},
%   indextitle   = {Hybrid Hierarchical Model, A},
%   annotation   = {This is a \texttt{report} entry for a research report. Note
%                   the format of the \texttt{type} field in the database file
%                   which uses a localization key. The number of the report is
%                   given in the \texttt{number} field. Also note the
%                   \texttt{sorttitle} and \texttt{indextitle} fields},
% }

% @thesis{geer,
%   author       = {de Geer, Ingrid},
%   title        = {Earl, Saint, Bishop, Skald~-- and Music},
%   type         = {phdthesis},
%   institution  = {Uppsala Universitet},
%   date         = 1985,
%   subtitle     = {The {Orkney Earldom} of the Twelfth Century. {A} Musicological
%                   Study},
%   location     = {Uppsala},
%   options      = {useprefix=false},
%   langid       = {english},
%   langidopts   = {variant=british},
%   annotation   = {This is a typical \texttt{thesis} entry for a PhD thesis. Note
%                   the \texttt{type} field in the database file which uses a
%                   localization key. Also note the format of the printed name and
%                   compare the \texttt{useprefix} option in the \texttt{options}
%                   field as well as \texttt{vangennep}},
% }


