% Encoding: UTF-8

@Book{_latex_2013,
  title     = {{LaTeX入门}},
  publisher = {电子工业出版社},
  year      = {2013},
  author    = {刘海洋},
  isbn      = {978-7-121-20208-7},
  date      = {2013-06-01},
  pagetotal = {566},
}

@Comment{jabref-meta: databaseType:bibtex;}
