% This file is a part of `gbt7714-bibtex-style`.
% I have made some modifications.
% https://github.com/zepinglee/gbt7714-bibtex-style/blob/master/test/test.bib

@article{test1,
  author       = {Author One and Author Two and Author Three},
  title        = {TITLE},
  translator   = {Translator},
  editor       = {Editor},
  series       = {Series},
  booktitle    = {Book Title},
  journal      = {Journal Title},
  edition      = {1},
  volume       = {2},
  number       = {3},
  address      = {Address},
  publisher    = {Publisher},
  organization = {Organization},
  school       = {University},
  institution  = {Institution},
  year         = {Year},
  pages        = {Pages},
  urldate      = {URL Date},
  url          = {url},
  doi          = {doi},
}

@article{test2,
  author       = {作者1 and 作者2 and 作者3},
  title        = {题名},
  translator   = {翻译},
  editor       = {编辑},
  series       = {系列},
  booktitle    = {书名},
  journal      = {期刊},
  edition      = {1},
  volume       = {2},
  number       = {3},
  address      = {出版地},
  publisher    = {出版者},
  organization = {组织},
  school       = {大学},
  institution  = {机构},
  year         = {出版年},
  pages        = {引文页码},
  urldate      = {引用日期},
  url          = {url},
  doi          = {doi},
}

@online{lzp1,
  author       = {Zeping Lee and Lee Zeping},
  title        = {{GB/T} 7714--2015 {\BibTeX} Style},
  year         = {2017},
  url          = {https://github.com/zepinglee/gbt-7714-2015},
}

@online{lzp2,
  author       = {李泽平 and 平泽李 and 泽平李 and Zeping Lee},
  title        = {{GB/T} 7714--2015 {\BibTeX} Style},
  year         = {2017},
  url          = {https://github.com/zepinglee/gbt-7714-2015},
}

@book{cdy,
  author       = {陈登原},
  title        = {国史旧闻：第1卷},
  address      = {北京},
  publisher    = {中华书局},
  year         = {2000},
  pages        = {29},
}

@book{hlswedl,
  author       = {哈里森·沃尔德伦},
  translator   = {谢远涛},
  title        = {经济数学与金融数学},
  address      = {北京},
  publisher    = {中国人民大学出版社},
  year         = {2012},
  pages        = {235--236},
}

@book{bjszxmzhzjwyh,
  author       = {北京市政协民族和宗教委员会 and
                 北京联合大学民族与宗教研究所},
  title        = {历代王朝与民族宗教},
  address      = {北京},
  publisher    = {民族出版社},
  year         = {2012},
  pages        = {112},
}

@standard{qgxxywxbzhjswyh,
  author       = {全国信息与文献标准化技术委员会},
  title        = {信息与文献\quad 都柏林核心元数据元素集: {GB/T 25100—2010}},
  address      = {北京},
  publisher    = {中国标准出版社},
  year         = {2010},
  pages        = {2--3},
}

@book{xgx,
  author       = {徐光宪 and 王祥云},
  title        = {物质结构},
  address      = {北京},
  publisher    = {科学出版社},
  year         = {2010},
}

@book{gyw,
  author       = {顾炎武},
  title        = {昌平山水记：京东考古录},
  address      = {北京},
  publisher    = {北京古籍出版社},
  year         = {1992},
}

@book{wfz,
  author       = {王夫之},
  title        = {宋论},
  edition      = {刻本},
  address      = {金陵},
  publisher    = {湘乡曾国荃},
  year         = {1865（清同治四年）},
}

`year = {1865（清同治四年）}` 时括号有问题

@book{wfz1,
  author       = {王夫之},
  title        = {宋论【外一册】},
  edition      = {刻本},
  address      = {金陵},
  publisher    = {金陵刻经处},
  year         = {1865（清同治四年）},
}

@proceedings{nzm,
  editor       = {牛志明 and 斯温兰德 and 雷光春},
  title        = {综合湿地管理国际研讨会论文集},
  address      = {北京},
  publisher    = {海洋出版社},
  year         = {2012},
}

@archive{zgdylsdag,
  author       = {中国第一历史档案馆 and 辽宁省档案馆},
  title        = {中国明朝档案总汇},
  address      = {桂林},
  publisher    = {广西师范大学出版社},
  year         = {2001},
}

@phdthesis{ybj,
  author       = {杨保军},
  title        = {新闻道德论},
  address      = {北京},
  publisher    = {中国人民大学出版社},
  year         = {2012},
  urldate      = {2012-11-01},
  url          = {http://apabi.lib.pku.edu.cn/usp/pku/pub.mvc?pid=book.detail&metaid=m.20101104-BPO-889-1023&cult=CN},
}

@book{zxg,
  author       = {赵学功},
  title        = {当代美国外交},
  address      = {北京},
  publisher    = {社会科学文献出版社},
  year         = {2001},
  urldate      = {2014-06-11},
  url          = {http://www.cadal.zju.edu.cn/book/trySinglePage/33023884/1},
}

@book{tjdxtmgcfzgjzdsys,
  author       = {同济大学土木工程防灾国家重点实验室},
  title        = {汶川地震灾害研究},
  address      = {上海},
  publisher    = {同济大学出版社},
  year         = {2011},
  pages        = {5--6},
  urldate      = {2013-05-09},
  url          = {http://apabi.lib.pku.edu.cn/usp/pku/pub.mvc?pid=book.detail&metaid=m.20120406-YPT-889-0010},
}

@book{zgzzxh,
  author       = {中国造纸学会},
  title        = {中国造纸年鉴：2003},
  address      = {北京},
  publisher    = {中国轻工业出版社},
  year         = {2003},
  urldate      = {2014-04-25},
  url          = {http://www.cadal.zju.edu.cn/book/view/25010080},
}

@book{peebles,
  author       = {Peebles, Jr, Peyton Z.},
  title        = {Probability, random variables, and random signal principles},
  edition      = {4},
  address      = {New York},
  publisher    = {McGraw-Hill},
  year         = {2001},
}

@proceedings{yufin,
  editor       = {Yufin, Sergey A},
  title        = {Geoecology and computers: proceedings of the {Third
                 International Conference on Advances of Computer Methods in
                 Geotechnical and Geoenvironmental Engineering, Moscow, Russia,
                 February 1-4, 2000}},
  address      = {Rotterdam},
  publisher    = {A. A. Balkema},
  year         = {2000},
}

@book{baldock,
  author       = {Baldock, Peter},
  title        = {Developing early childhood services: past, present and
                 future},
  address      = {Rotterdam},
  publisher    = {Open University Press},
  year         = {2011},
  pages        = {105},
  urldate      = {2012-11-27},
  url          = {http://lib.myilibrary.com/Open.aspx?id=312377},
}

@book{sommers,
  author       = {Fan, Xuetong and Sommers, Christopher H},
  title        = {Food irradiation research and technology},
  edition      = {2},
  address      = {Ames, Iowa},
  publisher    = {Blackwell Publishing},
  year         = {2013},
  pages        = {25--26},
  urldate      = {2014-06-26},
  url          = {http://onlinelibrary.wiley.com/doi/10.1002/9781118422557.ch2/summary},
}

@incollection{wfz2,
  title        = {周易外传：卷5},
  editor       = {王夫之},
  booktitle    = {船山全书：第6册},
  address      = {长沙},
  publisher    = {岳麓书社},
  year         = {2011},
  pages        = {1109},
}

@incollection{cgw,
  author       = {程根伟},
  title        = {1998年长江洪水的成因与减灾对策},
  editor       = {许厚泽 and 赵其国},
  booktitle    = {长江流域洪涝灾害与科技对策},
  address      = {北京},
  publisher    = {科学出版社},
  year         = {1999},
  pages        = {32--36},
}

@incollection{cjb,
  author       = {陈晋镳 and 张惠民 and 朱士兴 and 赵震 and
                 王振刚},
  title        = {蓟县震旦亚界研究},
  editor       = {中国地质科学院天津地质矿产研究所},
  booktitle    = {中国震旦亚界},
  address      = {天津},
  publisher    = {天津科学技术出版社},
  year         = {1980},
  pages        = {56--114},
}

@incollection{mks,
  author       = {马克思},
  title        = {政治经济学批判},
  editor       = {马克思 and 恩格斯},
  booktitle    = {马克思恩格斯全集：第35卷},
  address      = {北京},
  publisher    = {人民出版社},
  year         = {2013},
  pages        = {302},
}

@inproceedings{jdq,
  author       = {贾东琴 and 柯平},
  title        = {面向数字素养的高校图书馆数字服务体系研究},
  editor       = {中国图书馆学会},
  booktitle    = {中国图书馆学会年会论文集：2011年卷},
  address      = {北京},
  publisher    = {国家图书馆出版社},
  year         = {2011},
  pages        = {45--52},
}

@incollection{weinstein,
  author       = {Weinstein, L and Swertz, M N},
  title        = {Pathogenic properties of invading microorganism},
  editor       = {Sodeman, Jr, William A and Sodeman, William A},
  booktitle    = {Pathologic physiology: mechanisms of disease},
  address      = {Philadelphia},
  publisher    = {Saunders},
  year         = {1974},
  pages        = {745--772},
}

@incollection{roberson,
  author       = {Roberson, J A and Burneson, E G},
  title        = {Drinking water standards, regulations and goals},
  editor       = {{American Water Works Association}},
  booktitle    = {Water quality \& treatment: a handbook on drinking water},
  edition      = {6},
  address      = {New York},
  publisher    = {McGraw-Hill},
  year         = {2011},
  pages        = {1.1--1.36},
  urldate      = {2012-12-10},
  url          = {http://lib.myilibrary.com/Open.aspx?id=291430},
}

@periodical{zhyxhhbfh,
  author       = {中华医学会湖北分会},
  title        = {临床内科杂志},
  year         = {1984--},
  volume       = {1},
  number       = {1},
  address      = {武汉},
  publisher    = {中华医学会湖北分会},
}

@periodical{zgtsgxh,
  author       = {中国图书馆学会},
  title        = {图书馆学通讯},
  year         = {1957--1990},
  number       = {1--4},
  address      = {北京},
  publisher    = {北京图书馆},
}

@periodical{aaas,
  author       = {{American Association for the Advancement of Science}},
  title        = {Science},
  year         = {1883--},
  volume       = {1},
  number       = {1},
  address      = {Washington, D.C.},
  publisher    = {American Association for the Advancement of Science},
}

@article{yxl,
  author       = {袁训来 and 陈哲 and 肖书海 and others},
  title        = {蓝田生物群: 一个认识多细胞生物起源和早期演化的新窗口},
  journal      = {科学通报},
  year         = {2012},
  volume       = {57},
  number       = {34},
  pages        = {3219},
}

@newspaper{yjb,
  author       = {余建斌},
  title        = {我们的科技一直在追赶: 访中国工程院院长周济},
  journal      = {人民日报},
  year         = {2013},
  date         = {2013-01-12},
  number       = {2},
  urldate      = {2013-03-20},
  url          = {http://paper.people.com.cn/rmrb/html/2013-01/12/nw.D110000renmrb_20130112_5-02.htm},
}

@article{lbm,
  author       = {李炳穆},
  title        = {韩国图书馆法},
  journal      = {图书情报工作},
  year         = {2008},
  volume       = {52},
  number       = {6},
  pages        = {6--12},
  urldate      = {2013-10-25},
  url          = {http://www.docin.com/p-400265742.html},
}

@article{lyp,
  author       = {李幼平 and 王莉},
  title        = {循证医学研究方法: 附视频},
  journal      = {中华移植杂志(电子版)},
  year         = {2010},
  volume       = {4},
  number       = {3},
  pages        = {225--228},
  urldate      = {2014-06-09},
  url          = {http://www.cqvip.com/Read/Read.aspx?id=36658332},
}

@article{wll,
  author       = {武丽丽 and 华一新 and 张亚军 and others},
  title        = {“北斗一号”监控管理网设计与实现},
  journal      = {测绘科学},
  year         = {2008},
  volume       = {33},
  number       = {5},
  pages        = {8--9},
  urldate      = {2009-10-25},
  url          = {http://vip.calis.edu.cn/CSTJ/Sear.dll?OPAC_CreateDetail},
  doi          = {10.3771/j.issn.1009-2307.2008.05.002},
}

@article{kanamori,
  author       = {Kanamori, H},
  title        = {Shaking without quaking},
  journal      = {Science},
  year         = {1998},
  volume       = {279},
  number       = {5359},
  pages        = {2063},
}

@article{caplan,
  author       = {Caplan, P},
  title        = {Cataloging internet resources},
  journal      = {The public access computer systems review},
  year         = {1993},
  volume       = {4},
  number       = {2},
  pages        = {61--66},
}

@article{frese,
  author       = {Frese, K S and Katus, H A and Meder, B},
  title        = {Next-generation sequencing: from understanding biology to
                 personalized medicine},
  journal      = {Biology},
  year         = {2013},
  volume       = {2},
  number       = {1},
  pages        = {378--398},
  urldate      = {2013-03-19},
  url          = {http://www.mdpi.com/2079-7737/2/1/378},
  doi          = {10.3390/biology2010378},
}

@article{myburg,
  author       = {Myburg, A A and Grattapaglia, D and Tuskan, G A and others},
  title        = {The genome of Eucalyptus grandis},
  journal      = {Nature},
  year         = {2014},
  volume       = {510},
  pages        = {356--362},
  date         = {2014-06-19},
  urldate      = {2014-06-25},
  url          = {http://www.nature.com/nature/journal/v510/n7505/pdf/nature13308.pdf},
  doi          = {10.1038/nature13308},
}

@patent{dyg,
  author       = {邓一刚},
  title        = {全智能节电器},
  number       = {200610171314.3},
  year         = {2006},
  date         = {2006-12-13},
}

@patent{xadzkjdx,
  author       = {西安电子科技大学},
  title        = {光折变自适应光外差探测方法},
  number       = {01128777.2},
  year         = {2002},
  date         = {2002-03-06},
  urldate      = {2002-05-28},
  url          = {http://211.152.9.47/sipoasp/zljs/hyjs-yx-new.asp?recid=01128777.2&leixin=0},
}

@patent{tachibana,
  author       = {Tachibana, R and Shimizu, S and Kobayshi, S and others},
  title        = {Electronic watermarking method and system: {US6915001}},
  year         = {2005},
  date         = {2005-07-05},
  urldate      = {2013-11-11},
  url          = {http://www.google.co.in/patents/US6915001},
}

@techreport{zghlwlxxzx,
  author       = {中国互联网络信息中心},
  title        = {第29次中国互联网络发展现状统计报告},
  year         = {2012},
  date         = {2012-01-16},
  urldate      = {2013-03-26},
  url          = {http://www.cnnic.net.cn/hlwfzyj/hlwxzbg/201201/P020120709345264469680},
}

@archive{bjsrmzfbgt,
  author       = {北京市人民政府办公厅},
  title        = {关于转发北京市企业投资项目核准暂行实施办法的通知: 京政办发[2005]37号},
  year         = {2005},
  date         = {2005-07-12},
  urldate      = {2011-07-12},
  url          = {http://china.findlaw.cn/fagui/p_1/39934.html},
}

@online{bawden,
  author       = {Bawden, D},
  title        = {Origins and concepts of digital literacy},
  year         = {2008},
  date         = {2008-05-04},
  urldate      = {2013-03-08},
  url          = {http://www.soi.city.ac.uk/~dbawden/digital%20literacy%20chapter.pdf},
}

@online{oclc,
  author       = {{Online Computer Library Center, Inc}},
  title        = {About {OCLC}: history of cooperation},
  urldate      = {2012-03-27},
  url          = {http://www.oclc.org/about/cooperation.en.html},
}

@online{hopkinson,
  author       = {Hopkinson, A},
  title        = {{UNIMARC} and metadata: Dublin core},
  year         = {2009},
  date         = {2009-04-22},
  urldate      = {2013-03-27},
  url          = {http://archive.ifla.org/IV/ifla64/138-161e.htm},
}

@book{baker,
  author       = {Baker, S K and Jackson, M E},
  title        = {The future of resource sharing},
  address      = {New York},
  publisher    = {The Haworth Press},
  year         = {1995},
}

@book{chernik,
  author       = {Chernik, B E},
  title        = {Introduction to library services for library technicians},
  address      = {Littleton, Colo.},
  publisher    = {Libraries Unlimited, Inc.},
  year         = {1982},
}

@book{nglpd,
  author       = {尼葛洛庞帝},
  title        = {数字化生存},
  translator   = {胡泳 and 范海燕},
  address      = {海口},
  publisher    = {海南出版社},
  year         = {1996},
  pinyin       = {nigeluopangdi},
}

@book{wb,
  author       = {汪冰},
  title        = {电子图书馆理论与实践研究},
  address      = {北京},
  publisher    = {北京图书馆出版社},
  year         = {1997},
  pages        = {16},
  pinyin       = {wangbing},
}

@article{yzy,
  author       = {杨宗英},
  title        = {电子图书馆的现实模型},
  journal      = {中国图书馆学报},
  year         = {1996},
  number       = {2},
  pages        = {24--29},
  pinyin       = {yangzongying},
}

@article{dowler,
  author       = {Dowler, L},
  title        = {The research university’s dilemma: resource sharing and
                 research in a transinstitutional environment},
  journal      = {Journal of library administration},
  year         = {1995},
  volume       = {21},
  number       = {1/2},
  pages        = {5--26},
}

@article{sunstein,
  author       = {Sunstein, C R},
  title        = {Social norms and social roles},
  journal      = {Columbia law review},
  year         = {1996},
  volume       = {96},
  pages        = {903},
  urldate      = {2012-01-26},
  url          = {http://www.heinonline.org/HOL/Page?handle=hein.journals/clr96&id=913&collection=journals&index=journals/clr},
}

@book{morri,
  author       = {Morri, I},
  title        = {Why the west rules for now: the patterns of history, and what
                 they reveal about the future},
  address      = {New York},
  publisher    = {Farrar, Straus and Giroux},
  year         = {2010},
}

@book{ljs,
  author       = {罗杰斯},
  title        = {西方文明史: 问题与源头},
  translator   = {潘惠霞 and 魏婧 and 杨艳 and others译},
  address      = {大连},
  publisher    = {东北财经大学出版社},
  year         = {2011},
  pages        = {15--16},
}

@inproceedings{zzz,
  author       = {张忠智},
  title        = {科技书刊的总编(主编)的角色要求},
  editor       = {中国科学技术期刊编辑学会},
  booktitle    = {中国科学技术期刊编辑学会建会十周年学术研讨会论文汇编},
  address      = {北京},
  publisher    = {中国科学技术期刊编辑学会学术委员会},
  year         = {1997},
  pages        = {33--34},
  pinyin       = {zhang zhi zhong},
}

@article{zgkxyyyyjscdbjs,
  author       = {中国社会科学院语言研究所词典编辑室},
  title        = {现代汉语词典},
  edition      = {修订本},
  address      = {北京},
  publisher    = {商务印书馆},
  year         = {1996},
  pinyin       = {zhong guo she hui ke xue yuan yu yan yan jiu suo},
}

@article{lcd,
  author       = {刘彻东},
  title        = {中国的青年刊物:个性特色为本仁},
  journal      = {中国出版},
  year         = {1998},
  number       = {5},
  pages        = {38--39},
  pinyin       = {liu che dong},
}

@inproceedings{pls,
  author       = {裴丽生},
  title        = {在中国科协学术期刊编辑工作经验交流会上的讲话},
  editor       = {中国科学技术协会},
  booktitle    = {中国科协学术期刊编辑工作经验交流会资料选},
  address      = {北京},
  publisher    = {中国科学技术协会学会工作部},
  year         = {1981},
  pages        = {2--10},
  pinyin       = {pei li sheng},
}

@book{zbw,
  author       = {张伯伟},
  title        = {全唐五代诗格会考},
  address      = {南京},
  publisher    = {江苏古籍出版社},
  year         = {2002},
  pages        = {288},
}

@book{sftrj,
  title        = {师伏堂日记: 第4册},
  address      = {北京},
  publisher    = {北京图书馆出版社},
  year         = {2009},
  pages        = {155},
}

@book{bcz,
  author       = {胡承正 and 周详 and 缪灵},
  title        = {理论物理概论: 上},
  address      = {武汉},
  publisher    = {武汉大学出版社},
  year         = {2010},
  pages        = {112},
}

@book{mgfckysxh,
  author       = {美国妇产科医师学会},
  title        = {新生儿脑病和脑性瘫痪发病机制与病理生理},
  translator   = {段涛 and 杨慧霞},
  address      = {北京},
  publisher    = {人民卫生出版社},
  year         = {2010},
  pages        = {38--39},
}

@book{kxzd,
  title        = {康熙字典: 巳集上: 水部},
  edition      = {同文书局影印本},
  address      = {北京},
  publisher    = {中华书局},
  year         = {1962},
  pages        = {50},
}

@book{wa,
  author       = {汪昂},
  title        = {增订本草备要: 四卷},
  edition      = {刻本},
  address      = {京都},
  publisher    = {老二酉堂},
  year         = {1881},
}

@book{jyx,
  author       = {蒋有绪 and 郭泉水 and 马娟 and others},
  title        = {中国森林群落分类及其群落特征},
  address      = {北京},
  publisher    = {科学出版社},
  year         = {1998},
}

@book{zgqytzxh,
  author       = {中国企业投资协会 and 台湾并购与私募股权协会
                 and 汇盈国际投资集团},
  title        = {投资台湾: 大陆企业赴台投资指南},
  address      = {北京},
  publisher    = {九州出版社},
  year         = {2013},
}

@book{lsj,
  author       = {罗斯基},
  title        = {战前中国经济的增长},
  translator   = {唐巧天 and 毛立坤 and 姜修宪},
  address      = {杭州},
  publisher    = {浙江大学出版社},
  year         = {2009},
}

@book{ke,
  author       = {库恩},
  title        = {科学革命的结构: 第4版},
  translator   = {金吾伦 and 胡新和},
  edition      = {2},
  address      = {北京},
  publisher    = {北京大学出版社},
  year         = {2012},
}

@book{hws,
  author       = {侯文顺},
  title        = {高分子物理: 高分子材料分析、选择与改性},
  address      = {北京},
  publisher    = {化学工业出版社},
  year         = {2010},
  pages        = {119},
  urldate      = {2012-11-27},
  url          = {http://apabi.lib.pku.edu.cn/usp/pku/pub.mvc?pid=book.detail&metaid=m.20111114-HGS-889-0228},
}

@book{crawfprd,
  author       = {Crawfprd, W and Gorman, M},
  title        = {Future libraries: dreams, madness, \& reality},
  address      = {Chicago},
  publisher    = {American Library Association},
  year         = {1995},
}

@book{ifola,
  author       = {{International Federation of Library Association and
                 Institutions}},
  title        = {Names of persons: national usages for entry in catalogues},
  edition      = {3},
  address      = {London},
  publisher    = {IFLA International Office for UBC},
  year         = {1977},
}

@book{obrien,
  author       = {O’Brien, J A},
  title        = {Introduction to information systems},
  edition      = {7},
  address      = {Burr Ridge, III},
  publisher    = {Irwin},
  year         = {1994},
}

@book{kinchy,
  author       = {Kinchy, A},
  title        = {Seeds, sciences, and struggle: the global politics of
                 transgenic crops},
  address      = {Cambridge, Mass.},
  publisher    = {MIT Press},
  year         = {2012},
  pages        = {50},
  urldate      = {2013-07-14},
  url          = {http://lib.myilibrary.com?ID=381443},
}

@book{praetzellis,
  author       = {Praetzellis, A},
  title        = {Death by theory: a tale of mystery and archaeological theory},
  edition      = {Revised},
  publisher    = {Rowman \& Littlefield Publishing Group, Inc.},
  year         = {2011},
  pages        = {13},
  urldate      = {2012-07-26},
  url          = {http://lib.myilibrary.com/Open.aspx?id=293666},
}

@collection{zgzgjyyjh,
  editor       = {中国职工教育研究会},
  title        = {职工教育研究论文集},
  address      = {北京},
  publisher    = {人民教育出版社},
  year         = {1985},
}

@proceedings{zgshkxytwsyjzx,
  editor       = {中国社会科学院台湾史研究中心},
  title        = {台湾光复六十五周年暨抗战史实学术研讨会论文集},
  address      = {北京},
  publisher    = {九州出版社},
  year         = {2012},
}

@proceedings{lgc,
  editor       = {雷光春},
  title        = {综合湿地管理：综合湿地管理国际研讨会论文集},
  address      = {北京},
  publisher    = {海洋出版社},
  year         = {2012},
}

@proceedings{czy,
  editor       = {陈志勇},
  title        = {中国财税文化价值研究:
                 “中国财税文化国际学术研讨会”论文集},
  address      = {北京},
  publisher    = {经济科学出版社},
  year         = {2011},
  urldate      = {2013-10-14},
  url          = {http://apabi.lib.pku.edu.cn/usp/pku/pub.mvc?pid=book.detail&metaid=m.201106228-BPO-889-0135&cult=CN},
}

@proceedings{babu,
  editor       = {Babu, B V and Nagar, A K and Deep, K and others},
  title        = {Proceedings of the Second International Conference on Soft
                 Computing for Problem Solving, December 28--30, 2012},
  address      = {New Delhi},
  publisher    = {Springer},
  year         = {2014},
}

@techreport{zhrmghggwyxwbgs,
  author       = {中华人民共和国国务院新闻办公室},
  title        = {国防白皮书: 中国武装力量的多样化运用},
  year         = {2013},
  date         = {2013-04-16},
  urldate      = {2014-06-11},
  url          = {http://www.mod.gov.cn/affair/2013-04/16/content_4442839},
}

@techreport{twj,
  author       = {汤万金 and 杨跃翔 and 刘文 and others},
  title        = {人体安全重要技术标准研制最终报告: {7178999X-2006BAK04A10/10.2013}},
  year         = {2013},
  date         = {2013-09-30},
  urldate      = {2014-06-24},
  url          = {http://www.nstrs.org.cn/xiangxiBG.aspx?id=41707},
}

@techreport{calkin,
  author       = {Calkin, D and Ager, A and Thompson, M},
  title        = {A comparative risk assessment framework for wildland fire
                 management: the 2010 cohesive strategy science report:
                 {RMRS-GTR-262}},
  year         = {2011},
  pages        = {8--9},
}

@techreport{udtfha,
  author       = {{U.S. Department of Transportation Federal Highway
                 Administration}},
  title        = {Guidelines for handling excavated acid-producing material: {PB
                 91-194001}},
  address      = {Springfield},
  publisher    = {U.S. Department of Commerce National Information Service},
  year         = {1990},
}

@techreport{who,
  author       = {{World Health Organization}},
  title        = {Factors regulating the immune response: report of {WHO
                 Scientific Group}},
  address      = {Geneva},
  publisher    = {WHO},
  year         = {1970},
}

@phdthesis{mh,
  author       = {马欢},
  title        = {人类活动影响下海河流域典型区水循环变化分析},
  address      = {北京},
  school       = {清华大学},
  year         = {2011},
  pages        = {27},
  urldate      = {2013-10-14},
  url          = {http://www.cnki.net/kcms/detail/detail.aspx?dbcode=CDFD&QueryID=.0&CurRec=11&dbname=CDFDLAST2013&filename=1012035905.nh&uid=WEEvREcwSlJHSldTTGJhYIJRaEhGUXFQWVB6SGZXeisxdmVhV3ZyZkpoUnozeDE1b0paM0NmMjZiQ3p4TUdmcw=},
}

@phdthesis{wyf,
  author       = {吴云芳},
  title        = {面向中文信息处理的现代汉语并列结构研究},
  address      = {北京},
  school       = {北京大学},
  year         = {2003},
  urldate      = {2013-10-14},
  url          = {http://thesis.lib.pku.edu.cn/dlib/List.asp?lang=gb&type=Reader&DocGroupID=4&DocID=6328},
}

@phdthesis{calms,
  author       = {Calms, R B},
  title        = {Infrared spectroscopic studies on solid oxygen},
  address      = {Berkeley},
  school       = {Univ. of California},
  year         = {1965},
}

@patent{zkj,
  author       = {张凯军},
  title        = {轨道火车及高速轨道火车紧急安全制动辅助装置},
  year         = {2012},
  date         = {2012-04-05},
  number       = {201220158825.2},
}

@patent{hblzsthjkjyxgs,
  author       = {河北绿洲生态环境科技有限公司},
  title        = {一种荒漠化地区生态植被综合培育种植方法},
  year         = {2001},
  date         = {2001-10-24},
  number       = {01129210.5},
  urldate      = {2002-05-28},
  url          = {http://211.152.9.47/sipoasp/zlijs/hyjs-yx-new.asp?recid=01129210.5&leixin=0},
}

@patent{koseki,
  author       = {Koseki, A and Momose, H and Kawahito, M and others},
  title        = {Compiler},
  number       = {US828402},
  year         = {2002},
  date         = {2002-05-25},
  urldate      = {2002-05-28},
  url          = {http://FF&p=1&u=netahtml/PTO/search-bool.html&r=5&f=G&1=50&col=AND&d=PG01&sl=IBM.AS.&OS=AN/IBM/RS=AN/IBM},
}

@standard{qgxxywxbzhjswyh2,
  author       = {全国信息与文献标准化技术委员会},
  title        = {文献著录: 第4部分\quad 非书资料: {GB/T} 3792.7—2009},
  address      = {北京},
  publisher    = {中国标准出版社},
  year         = {2010},
  pages        = {3},
}

@standard{qggbdsbzhjswyh,
  author       = {全国广播电视标准化技术委员会},
  title        = {广播电视音像资料编目规范: 第2部分\quad 广播资料: {GY/T 202.2—2007}},
  address      = {北京},
  publisher    = {国家广播电影电视总局广播电视规划院},
  year         = {2007},
  pages        = {1},
}

@standard{gjhjbhjkjbzs,
  author       = {国家环境保护局科技标准司},
  title        = {土壤环境质量标准: {GB 15616—1995}},
  address      = {北京},
  publisher    = {中国标准出版社},
  year         = {1996},
  pages        = {2--3},
  urldate      = {2013-10-14},
  url          = {http://wenku.baidu.com/view/b950a34b767f5acfa1c7cd49.html},
}

@standard{iso,
  title        = {Information and documentation---the {Dublin} cord metadata
                  element set: {ISO 15836: 2009}},
  year         = {2009},
  urldate      = {2013-03-24},
  url          = {http://www.iso.org/iso/home/store/catalogue_tc/catalogue_detail.htm?csnumber=52142},
}

@incollection{swgwj,
  title        = {卷39 乞致仕第一},
  booktitle    = {苏魏公文集: 下册},
  address      = {北京},
  publisher    = {中华书局},
  year         = {1988},
  pages        = {590},
}

@incollection{bsn,
  author       = {白书农},
  title        = {植物开花研究},
  editor       = {李承森},
  booktitle    = {植物科学进展},
  address      = {北京},
  publisher    = {高等教育出版社},
  year         = {1998},
  pages        = {146--163},
}

@inproceedings{wxj,
  author       = {汪学军},
  title        = {中国农业转基因生物研究进展与安全管理},
  editor       = {国家环境保护总局生物安全管理办公室},
  booktitle    = {中国国家生物安全框架实施国际合作项目研讨会论文集},
  address      = {北京},
  publisher    = {中国环境科学出版社},
  year         = {2002},
  pages        = {22--25},
}

@standard{gjbzjxxflbmyjs,
  author       = {国家标准局信息分类编码研究所},
  title        = {世界各国和地区名称代码: {GB/T 2659—1986}},
  editor       = {全国文献工作标准化委员会},
  booktitle    = {文献工作国家标准汇编: 3},
  address      = {北京},
  publisher    = {中国标准出版社},
  year         = {1988},
  pages        = {59--92},
}

@incollection{ss,
  title        = {宋史卷三: 本纪第三},
  booktitle    = {宋史: 第1册},
  address      = {北京},
  publisher    = {中华书局},
  year         = {1977},
  pages        = {49},
}

@incollection{lml,
  author       = {楼梦鳞 and 杨燕},
  title        = {汶川地震基岩地震动特征分析},
  editor       = {同济大学土木工程防灾国家重点实验室},
  booktitle    = {汶川地震震害研究},
  address      = {上海},
  publisher    = {同济大学出版社},
  year         = {2011},
  pages        = {011--012},
  urldate      = {2013-05-09},
  url          = {http://apabi.lib.pku.edu.cn/usp/pku/pub.mvc?pid=book.detail&metaid=m.20120406-YPT-889-0010},
}

@incollection{buseck,
  author       = {Buseck, P R and Nord, Jr, G L and Veblen, D R},
  title        = {Subsolidus phenomena in pyroxenes},
  booktitle    = {Pyroxense},
  address      = {Washington, D.C.},
  publisher    = {Mineralogical Society of America},
  year         = {c1980},
  pages        = {117--211},
}

@inproceedings{fourney,
  author       = {Fourney, M E},
  title        = {Advances in holographic photoelasticity},
  booktitle    = {Symposium on Applications of Holography in Mechanics, August
                 23-25, 1971, University of Southern California, Los Angeles,
                 California},
  address      = {New York},
  publisher    = {ASME},
  year         = {c1971},
  pages        = {17--38},
}

@article{yhs,
  author       = {杨洪升},
  title        = {四库馆私家抄校书考略},
  journal      = {文献},
  year         = {2013},
  number       = {1},
  pages        = {56--75},
}

@article{lbm2,
  author       = {李炳穆},
  title        = {韩国图书馆法},
  journal      = {图书情报工作},
  year         = {2008},
  volume       = {52},
  number       = {6},
  pages        = {6--21},
}

@article{yx,
  author       = {于潇 and 刘义 and 柴跃廷 and others},
  title        = {互联网药品可信交易环境中主体资质审核备案模式},
  journal      = {清华大学学报(自然科学版)},
  year         = {2012},
  volume       = {52},
  number       = {11},
  pages        = {1518--1523},
}

@article{cjj,
  author       = {陈建军},
  title        = {从数字地球到智慧地球},
  journal      = {国图资源导刊},
  year         = {20l0},
  volume       = {7},
  number       = {10},
  pages        = {93},
  urldate      = {2013-03-20},
  url          = {http://d.g.wanfangdata.com.cn/Periodical_hunandz201010038.aspx},
  doi          = {10.3969/j.issn.1672-5603.2010.10.038},
}

@article{desmarais,
  author       = {Des Marais, David J and Strauss, H and Summons, R E and
                 others},
  title        = {Carbon isotope evidence for the stepwise oxidation of the
                 Proterozoic environment},
  journal      = {Nature},
  year         = {1992},
  volume       = {359},
  pages        = {605--609},
}

@article{saito,
  author       = {Saito, M and Miyazaki, K},
  title        = {Jadeite-bearing metagabbro in serpentinite mélange of the
                 {"Kurosegawa Belt" in Izumi Town, Yatsushiro City, Kumamoto
                 Prefecture, central Kyushu}},
  journal      = {Bulletin of the geological survey of Japan},
  year         = {2006},
  volume       = {57},
  number       = {5/6},
  pages        = {169--176},
}

@article{walls,
  author       = {Walls, S C and Barichivich, W J and Brown, M E},
  title        = {Drought, deluge and declines: the impact of precipitation
                 extremes on amphibians in a changing climate},
  journal      = {Biology},
  year         = {2013},
  volume       = {2},
  number       = {1},
  pages        = {399--418},
  urldate      = {2013-11-04},
  url          = {http://www.mdpi.com/2079-7737/2/1/399},
  doi          = {10.3390/biology2010399},
}

@article{franz,
  author       = {Franz, A K and Danielewicz, M A and Wong, D M and others},
  title        = {Phenotypic screening with oleaginous microalgae reveals
                 modulators of lipid productivity},
  journal      = {ACS Chemical biology},
  year         = {2013},
  volume       = {8},
  pages        = {1053--1062},
  urldate      = {2014-06-26},
  url          = {http://pubs.acs.org/doi/ipdf/10.1021/cb300573r},
}

@article{park,
  author       = {Park, J R and Tosaka, Y},
  title        = {Metadata quality control in digital repositories and
                 collections: criteria, semantics, and mechanisms},
  journal      = {Cataloging \& classification quarterly},
  year         = {2010},
  volume       = {48},
  number       = {8},
  pages        = {696--715},
  urldate      = {2013-09-05},
  url          = {http://www.tandfonline.com/doi/pdf/10.1080/01639374.2010.508711},
}

@newspaper{dwx,
  author       = {丁文详},
  title        = {数字革命与竞争国际化},
  journal      = {中国青年报},
  year         = {2000},
  date         = {2000-11-20},
  number       = {15},
}

@newspaper{ztq,
  author       = {张田勤},
  title        = {罪犯DNA库与生命伦理学计划},
  journal      = {大众科技报},
  year         = {2000},
  date         = {2000-11-12},
  number       = {7},
}

@newspaper{fg,
  author       = {傅刚 and 赵承 and 李佳路},
  title        = {大风沙过后的思考},
  journal      = {北京青年报},
  year         = {2000},
  date         = {2000-01-12},
  urldate      = {2005-09-28},
  url          = {http://www.bjyouth.com.cn/Bqb/20000412/GB/4216%5ED0412B1401.htm},
}

@newspaper{lyg,
  author       = {刘裕国 and 杨柳 and 张洋 and others},
  title        = {雾霾来袭, 如何突围},
  journal      = {人民日报},
  year         = {2013},
  date         = {2013-01-12},
  urldate      = {2013-11-06},
  url          = {http://paper.people.com.cn/rmrb/html/2013-01/12/nw.D110000renmrb_20130112_2-04.htm},
}

@online{xy,
  author       = {萧钰},
  title        = {出版业信息化迈入快车道},
  year         = {2001},
  date         = {2001-12-19},
  urldate      = {2002-04-15},
  url          = {http://www.creader.com/news/20011219/200112190019.html},
}

@online{lq,
  author       = {李强},
  title        = {化解医患矛盾需釜底抽薪},
  year         = {2012},
  date         = {2012-05-03},
  urldate      = {2013-03-25},
  url          = {http://wenku.baidu.com/view/47e4f206b52acfc789ebc92f.html},
}

@online{clbld,
  author       = {{Commonwealth Libraries Bureau of Library Development.
                 Pennsylvania Department of Education Office}},
  title        = {Pennsylvania library laws},
  urldate      = {2013-03-24},
  url          = {http://www.racc.edu/yocum/pdf/PALibraryLaws.pdf},
}

@online{dcmes,
  title        = {Dublin core metadata element set: version 1.1},
  year         = {2012},
  date         = {2012-06-14},
  urldate      = {2014-06-11},
  url          = {http://dublincore.org/documents/dces/},
}
