% This file was created with JabRef 2.7.2.
% Encoding: UTF8

@ARTICLE{Anna2012,
  author = {Alice Anna and Bob Baker and Charles Carter},
  title = {English artical},
  journal = {Some Journal},
  year = {2012},
  volume = {1},
  pages = {10--15},
  number = {1}
}

@TECHREPORT{Baker2012,
  title = {Tech report with author},
  institution = {Some Institution},
  year = {2012},
  author = {Bob Baker}
}

@INPROCEEDINGS{Carter2012,
  author = {Charles Carter and Bob Baker and Alice Anna},
  title = {English conference paper},
  booktitle = {Some Conference},
  year = {2012},
  pages = {100-105},
  address = {Beijing, China}
}

@MASTERSTHESIS{Liu2010,
  author = {刘七},
  title = {中文硕士论文},
  school = {某大学某系},
  year = {2010},
  address = {北京},
  lang = {zh}
}

@BOOK{Sun2009,
  title = {中文书籍},
  publisher = {某出版社},
  year = {2009},
  author = {孙二},
  address = {北京},
  lang = {zh}
}

@ARTICLE{Zhang2012,
  author = {张三 and 李四 and 王五},
  title = {中文期刊文章},
  journal = {某期刊},
  year = {2012},
  volume = {2},
  pages = {20--25},
  number = {2},
  lang = {zh}
}

@PHDTHESIS{Zhao2011,
  author = {赵六},
  title = {中文博士论文},
  school = {某大学某系},
  year = {2011},
  address = {北京},
  lang = {zh}
}

@ELECTRONIC{website,
  title = {Some Title},
  organization = {Tsinghua University},
  modifydate = {2012-03-03},
  citedate = {2012-01-01},
  url = {http://www.tsinghua.edu.cn/}
}

@TECHREPORT{Report2012,
  title = {Tech report without author},
  institution = {Some Institution},
  year = {2012}
}

@comment{jabref-meta: selector_publisher:}

@comment{jabref-meta: selector_author:}

@comment{jabref-meta: selector_journal:}

@comment{jabref-meta: selector_keywords:}

