% Encoding: UTF-8

@Book{9787121202087,
  title     = {Getting Started with LaTeX - LaTeX入门},
  publisher = {电子工业出版社},
  year      = {2013},
  author    = {刘海洋},
  isbn      = {978-7-121-20208-7},
  url       = {https://www.amazon.com/Getting-Started-LaTeX-x5165-x95E8/dp/B00D1APK0G%3FSubscriptionId%3D0JYN1NVW651KCA56C102%26tag%3Dtechkie-20%26linkCode%3Dxm2%26camp%3D2025%26creative%3D165953%26creativeASIN%3DB00D1APK0G},
}

@Misc{ctexdoc,
  author = {CTEX.ORG},
  title  = {CTEX 宏集手册},
  month  = feb,
  year   = {2017},
  url    = {http://www.ctex.org/HomePage},
}

@Misc{nanda,
  author = {胡海星},
  title  = {南京大学学位论文XeLaTeX模板},
  year   = {2016},
  note   = {https://raw.github.com/Haixing-Hu/nju-thesis/master/manual/njuthesis-manual.pdf},
  url    = {https://raw.github.com/Haixing-Hu/nju-thesis/master/manual/njuthesis-manual.pdf},
}

@Comment{jabref-meta: databaseType:bibtex;}
