@article{Shneiderman:2007wp,
author = {Shneiderman, Ben},
title = {{Creativity support tools: accelerating discovery and innovation}},
journal = {Communications of the ACM},
year = {2007},
volume = {50},
number = {12},
pages = {20--32},
}
