@Article{ID,
	author = {author},
	title = {title},
	journal = {journal},
	year = {year},
	OPTkey = {key},
	OPTvolume = {volume},
	OPTnumber = {number},
	OPTpages = {pages},
	OPTmonth = {month},
	OPTnote = {note},
	OPTannote = {annote},
}
@Book{ID2,
	ALTauthor = {author},
	ALTeditor = {editor},
	title = {title},
	publisher = {publisher},
	year = {year},
	OPTkey = {key},
	OPTvolume = {volume},
	OPTnumber = {number},
	OPTseries = {series},
	OPTaddress = {address},
	OPTedition = {edition},
	OPTmonth = {month},
	OPTnote = {note},
	OPTannote = {annote},
}
