% =============================================================
% GENERAL
% =============================================================
@article{Amendola2017,
author = {Amendola, Gilles and Poulichet, Patrick and Valbin, Laurie},
title = {{Capteurs MEMS - Techniques de mesures Capteurs MEMS}},
year = {2017}
}
@article{Yazdi1998,
author = {Yazdi, Navid and Ayazi, Farrokh and Najafi, Khalil},
journal = {Proceedings of the IEEE},
title = {{Micromachined inertial sensors}},
year = {1998}
}


% =============================================================
% MODULE d'YOUNG SILICON
% =============================================================
@article{Hopcroft2010,
author = {Hopcroft, Matthew a and Nix, William D and Kenny, Thomas W},
journal = {Journal of Microelctromechanical Systems},
title = {{What is the Young's Modulus of Silicon ?}},
year = {2010}
}

% =============================================================
% SIGMA DELTA
% =============================================================
@article{Petkov2005,
author = {Petkov, V.P. and Boser, B.E.},
journal = {IEEE Journal of Solid-State Circuits},
title = {{A fourth-order Sigma Delta/ interface for micromachined inertial sensors}},
year = {2005}
}
@article{Raman2009,
author = {Raman, J and Cretu, E and Rombouts, P and Weyten, L and Raman, J and Cretu, E and Rombouts, P and Weyten, L},
title = {{A Closed-loop Digitally Controlled MEMS Gyroscope With Unconstrained Sigma-Delta Force-Feedback}},
year = {2009}
}
@article{Colinet2004,
author = {Colinet, E. and Juillard, J. and Guessab, S. and Kielbasa, R.},
journal = {2004 International Conference on MEMS, NANO and Smart Systems (ICMENS'04)},
title = {{Resolution Enhancement of a Sigma-Delta Micro-Accelerometer Using Signal Prediction}},
year = {2004}
}

