
@book{Cyuyan,
  title={C语言程序设计：现代方法（第2版)},
  author={[美]K.N.King},
  year={2010},
  publisher={人民邮电出版社}
};

@book{计算机密码学及其应用,
  title={计算机密码学及其应用},
  author={赖溪松，韩亮},
  year={2001},
  publisher={国防工业出版社}
};

@book{cyu282,
  title={C语言经典编程282},
  author={明日科技},
  year={2012},
  publisher={清华大学出版社}
};

@article{jiyulisanduishu,
  title={基于离散对数的若干新型代理签名方案},
  author={祁明,L.Harn},
  journal={电子学报},
  volume={28(11)},
  year={2000},
  pages={114-115}
};

@article{基于ELGamal体制的代理签名,
  title={基于ELGamal体制的代理签名},
  author={张计光,王静,尹德玉},
  journal={高等函授学报},
  volume={22(3)},
  year={2009},
  pages={57-58}
};


@article{Designated,
  title={Designated verifier proxy signature scheme without random oracles},
  author={Yu Yong，Xu Chun-xiang，Zhang Xiao-song},
  journal={Computers and Mathematics with Applications},
  volume={57},
  year={2009},
  pages={1352-1364},
};

@article{一些不需要安全通道代理签名的分析与改进,
  title={"一些不需要安全通道代理签名的分析与改进"},
  author={"黄文平"},
  journal={"计算机工程与应用"},
  volume={"41(28)"},
  year={"2005"},
  pages={"127-130"}
};

@article{基于离散对数问题的代理数字签名,
  title={A Plugin-based Privacy Scheme for World-wide Web File Distribution},
  author={M. Jenkin, P. Dymond},
  journal={电脑学习},
  volume={5},
  year={2005},
  pages={50-51}
};

@article{Provabl,
  title={Provabl y secure multi-proxy signature scheme with revocation in the standard model},
  author={ZHEN-HUA LIU, YU-PU HU},
  journal={Computer Communications},
  volume={2},
  year={2010},
  pages={121-124}
};