%% LaTeX2e file `edu.bib'
%% generated by the `filecontents' environment
%% from source `edu' on 2019/07/21.
%%
    @online{koma,
        author = {Markus Kohm},
        title = {koma-script -- A bundle of versatile classes and packages},
        year = {2012},
        url = {http://www.ctan.org/pkg/koma-script}
    }
    @online{fonts,
        author = {Walter Schmidt},
        title = {Using common PostScript fonts with LaTeX},
        year = {2004},
        url = {http://mirrors.ctan.org/macros/latex/required/psnfss/psnfss2e.pdf}
    }
    @online{fontcatalogue,
        author = {Palle J{\o}rgensen},
        title = {The LaTeX Font Catalogue},
        year = {2012},
        url = {http://www.tug.dk/FontCatalogue}
    }
    @online{tikz,
        author = {Till Tantau},
        title = {pgf -- Create PostScript and PDF graphics in \TeX},
        year = {2008},
        url = {http://www.ctan.org/pkg/pgf}
    }
%        @article{kpfonts,
%        author = {Christophe Caignaert},
%        title = {KP-Fonts 3.31},
%        year = {2010},
%        url = {http://www.tex.ac.uk/tex-archive/fonts/kpfonts/doc/kpfonts.pdf}
%    }
%    @standard{ISO216,
%        title = {ISO 216:2007},
%        subtitle = {Writing paper and certain classes of printed matter -- Trimmed sizes -- A and B series, and indication of machine direction},
%        author = {{International Organization for Standardization, Technical Committee 6}},
%        year = {2007}
%    }
%    @standard{ISO8601,
%        title = {ISO 8601:2004},
%        subtitle = {Data elements and interchange formats -- Information interchange -- Representation of dates and times},
%        author = {{International Organization for Standardization, Technical Committee 154}},
%        year = {2004}
%    }
